@Proceedings{ proc-scipy-2020,
  title     = { Proceedings of the 19th Python in Science Conference },
  booktitle = { Proceedings of the 19th Python in Science Conference },
  year      = { 2020 },
  editor    = { Meghann Agarwal and Chris Calloway and Dillon Niederhut and David Shupe },
  isbn      = { noisbn }
}
