@Book{Corm1,
  author = "T.H. Cormen and C.E. Leiserson and R. Rivest and C. Stein",
  year = "2009",
  title = "Introduction to Algorithms",
  address = "Cambridge, MA",
  publisher = "MIT Press",
  ISBN = "0262033844",
}

@Article{Arx21,
  author = "Z. Fink and S. Liu and J. Choi and M. Diener and L. V. Kale",
  year = "2021",
  title = "Performance Evaluation of Python Parallel Programming Models: Charm4Py and mpi4py",
  journal = "2021 IEEE/ACM 6th International Workshop on Extreme Scale Programming Models and Middleware (ESPM2)",
  pages = "38-44",
	note = {\url{https://doi.org/10.1109/ESPM254806.2021.00010}},
}

@misc{GG2022,
    author = "GeeksforGeeks",
    title = "Strassen's Matrix Multiplication - GeeksforGeeks",
    year = 2022,
	howpublished = {Available at \url{ https://www.geeksforgeeks.org/strassens-matrix-multiplication/}},
    date = "Last Accessed November 23, 2022"
}

@Article{Harv18,
  author = "D. Harvey and J. Van der Hoeven",
  year = "2018",
  title = "On the complexity of integer matrix multiplication",
  journal = "Journal of Symbolic Computation",
  pages = "1-8",
	note = {\url{https://doi.org/10.1016/j.jsc.2017.11.001}},
}

@misc{PEP465,
    title = "PEP 465: A dedicated infix operator for matrix multiplication",
    author = "Python.org",
    year = "2014",
    howpublished = {Available at \url{https://peps.python.org/pep-0465/}},
    date = "Last Accessed December 27, 2022"
}

@Article{Stras1,
  author = "V. Strassen",
  year = "1969",
  title = "Gaussian elimination is not optimal",
  journal = "Numerische Mathematik",
  vol = "13(4)",
  pages = "354-356",
	note = {\url{https://doi.org/10.1007/BF02165411}},
}
