
@InProceedings{ klay-proc-scipy-2014,
  author    = { {J}ennifer {K}lay },
  title     = { {P}roject-based introduction to scientific computing for physics majors },
  booktitle = { {P}roceedings of the 13th {P}ython in {S}cience {C}onference },
  pages     = { 25 - 31 },
  year      = { 2014 },
  editor    = { {S}t\'efan van der {W}alt and {J}ames {B}ergstra },
  doi       = { 10.25080/Majora-14bd3278-005 }
}
