
@InProceedings{ jacqueline_kazil-proc-scipy-2015,
  author    = { {D}avid {M}asad and {J}acqueline {K}azil },
  title     = { {M}esa: {A}n {A}gent-{B}ased {M}odeling {F}ramework },
  booktitle = { {P}roceedings of the 14th {P}ython in {S}cience {C}onference },
  pages     = { 51 - 58 },
  year      = { 2015 },
  editor    = { {K}athryn {H}uff and {J}ames {B}ergstra },
  doi       = { 10.25080/Majora-7b98e3ed-009 }
}
