
@InProceedings{ amin-proc-scipy-2011,
  author    = { {M}inesh {B}. {A}min },
  title     = { {A} {T}echnical {A}natomy of {S}{P}{M}.{P}ython, a {S}calable, {P}arallel {V}ersion of {P}ython },
  booktitle = { {P}roceedings of the 10th {P}ython in {S}cience {C}onference },
  pages     = { 1 - 9 },
  year      = { 2011 },
  editor    = { {S}t\'efan van der {W}alt and {J}arrod {M}illman },
  doi       = { 10.25080/Majora-ebaa42b7-000 }
}
