
@InProceedings{ Amal_Bhatnagar-proc-scipy-2019,
  author    = { {E}ric {V}an {D}usen and {A}nthony {S}uen and {A}lan {L}iang and {A}mal {B}hatnagar },
  title     = { {A}ccelerating the {A}dvancement of {D}ata {S}cience {E}ducation },
  booktitle = { {P}roceedings of the 18th {P}ython in {S}cience {C}onference },
  pages     = { 1 - 4 },
  year      = { 2019 },
  editor    = { {C}hris {C}alloway and {D}avid {L}ippa and {D}illon {N}iederhut and {D}avid {S}hupe },
  doi       = { 10.25080/Majora-7ddc1dd1-000 }
}
