
@InProceedings{ bergstra_hyperopt-proc-scipy-2013,
  author    = { {J}ames {B}ergstra and {D}an {Y}amins and {D}avid {D}. {C}ox },
  title     = { {H}yperopt: {A} {P}ython {L}ibrary for {O}ptimizing the {H}yperparameters of {M}achine {L}earning {A}lgorithms },
  booktitle = { {P}roceedings of the 12th {P}ython in {S}cience {C}onference },
  pages     = { 13 - 19 },
  year      = { 2013 },
  editor    = { {S}t\'efan van der {W}alt and {J}arrod {M}illman and {K}aty {H}uff },
  doi       = { 10.25080/Majora-8b375195-003 }
}
