
@InProceedings{ oleksandr_pavlyk-proc-scipy-2017,
  author    = { {O}leksandr {P}avlyk and {D}enis {N}agorny and {A}ndres {G}uzman-{B}allen and {A}nton {M}alakhov and {H}ai {L}iu and {E}hsan {T}otoni and {T}odd {A}. {A}nderson and {S}ergey {M}aidanov },
  title     = { {A}ccelerating {S}cientific {P}ython with {I}ntel {O}ptimizations },
  booktitle = { {P}roceedings of the 16th {P}ython in {S}cience {C}onference },
  pages     = { 106 - 112 },
  year      = { 2017 },
  editor    = { {K}aty {H}uff and {D}avid {L}ippa and {D}illon {N}iederhut and {M} {P}acer },
  doi       = { 10.25080/shinma-7f4c6e7-00f }
}
