
@InProceedings{ komer-proc-scipy-2014,
  author    = { {B}rent {K}omer and {J}ames {B}ergstra and {C}hris {E}liasmith },
  title     = { {H}yperopt-{S}klearn: {A}utomatic {H}yperparameter {C}onfiguration for {S}cikit-{L}earn },
  booktitle = { {P}roceedings of the 13th {P}ython in {S}cience {C}onference },
  pages     = { 32 - 37 },
  year      = { 2014 },
  editor    = { {S}t\'efan van der {W}alt and {J}ames {B}ergstra },
  doi       = { 10.25080/Majora-14bd3278-006 }
}
