
@InProceedings{ zain-proc-scipy-2020,
  author    = { {M}eekail {Z}ain and {S}onia {R}ao and {N}athan {S}afir and {Q}uinn {W}yner and {I}sabella {H}umphrey and {A}lex {E}ldridge and {C}henxiao {L}i and {B}ahaa{E}ddin {A}l{A}ila and {S}hannon {Q}uinn },
  title     = { {T}owards an {U}nsupervised {S}patiotemporal {R}epresentation of {C}ilia {V}ideo {U}sing {A} {M}odular {G}enerative {P}ipeline },
  booktitle = { {P}roceedings of the 19th {P}ython in {S}cience {C}onference },
  pages     = { 166 - 175 },
  year      = { 2020 },
  editor    = { {M}eghann {A}garwal and {C}hris {C}alloway and {D}illon {N}iederhut and {D}avid {S}hupe },
  doi       = { 10.25080/Majora-342d178e-017 }
}
