
@InProceedings{ qiita_development_team-proc-scipy-2015,
  author    = { {T}he {Q}iita {D}evelopment {T}eam },
  title     = { {Q}iita: report of progress towards an open access microbiome data analysis and visualizationÂ platform },
  booktitle = { {P}roceedings of the 14th {P}ython in {S}cience {C}onference },
  pages     = { 158 - 163 },
  year      = { 2015 },
  editor    = { {K}athryn {H}uff and {J}ames {B}ergstra },
  doi       = { 10.25080/Majora-7b98e3ed-018 }
}
