
@InProceedings{ james_fox-proc-scipy-2021,
  author    = { {J}ames {F}ox and {T}om {E}veritt and {R}yan {C}arey and {E}ric {L}anglois and {A}lessandro {A}bate and {M}ichael {W}ooldridge },
  title     = { {P}y{C}{I}{D}: {A} {P}ython {L}ibrary for {C}ausal {I}nfluence {D}iagrams },
  booktitle = { {P}roceedings of the 20th {P}ython in {S}cience {C}onference },
  pages     = { 65 - 73 },
  year      = { 2021 },
  editor    = { {M}eghann {A}garwal and {C}hris {C}alloway and {D}illon {N}iederhut and {D}avid {S}hupe },
  doi       = { 10.25080/majora-1b6fd038-008 }
}
