
@InProceedings{ maurice_jamieson-proc-scipy-2020,
  author    = { {M}aurice {J}amieson and {N}ick {B}rown and {S}ihang {L}iu },
  title     = { {H}aving your cake and eating it: {E}xploiting {P}ython for programmer productivity and performance on micro-core architectures using e{P}ython },
  booktitle = { {P}roceedings of the 19th {P}ython in {S}cience {C}onference },
  pages     = { 107 - 115 },
  year      = { 2020 },
  editor    = { {M}eghann {A}garwal and {C}hris {C}alloway and {D}illon {N}iederhut and {D}avid {S}hupe },
  doi       = { 10.25080/Majora-342d178e-00f }
}
