
@InProceedings{ eric_ma-proc-scipy-2019,
  author    = { {E}ric {J}. {M}a and {Z}achary {B}arry and {S}am {Z}uckerman and {Z}achary {S}ailer },
  title     = { pyjanitor: {A} {C}leaner {A}{P}{I} for {C}leaning {D}ata },
  booktitle = { {P}roceedings of the 18th {P}ython in {S}cience {C}onference },
  pages     = { 50 - 53 },
  year      = { 2019 },
  editor    = { {C}hris {C}alloway and {D}avid {L}ippa and {D}illon {N}iederhut and {D}avid {S}hupe },
  doi       = { 10.25080/Majora-7ddc1dd1-007 }
}
