
@InProceedings{ margaret_mahan-proc-scipy-2015,
  author    = { {M}argaret {Y} {M}ahan and {C}helley {R} {C}horn and {A}postolos {P} {G}eorgopoulos },
  title     = { {W}hite {N}oise {T}est: detecting autocorrelation and nonstationarities in long time series after {A}{R}{I}{M}{A} modeling },
  booktitle = { {P}roceedings of the 14th {P}ython in {S}cience {C}onference },
  pages     = { 97 - 104 },
  year      = { 2015 },
  editor    = { {K}athryn {H}uff and {J}ames {B}ergstra },
  doi       = { 10.25080/Majora-7b98e3ed-00f }
}
