
@InProceedings{ allen-proc-scipy-2010,
  author    = { {C}raig {A}llen },
  title     = { {A}strodata },
  booktitle = { {P}roceedings of the 9th {P}ython in {S}cience {C}onference },
  pages     = { 6 - 11 },
  year      = { 2010 },
  editor    = { {S}t\'efan van der {W}alt and {J}arrod {M}illman },
  doi       = { 10.25080/Majora-92bf1922-001 }
}
