@article{balandat2020botorch,
  title={{BoTorch}: A framework for efficient {M}onte-{C}arlo {B}ayesian optimization},
  author={Balandat, Maximilian and Karrer, Brian and Jiang, Daniel and Daulton, Samuel and Letham, Ben and Wilson, Andrew G and Bakshy, Eytan},
  journal={Advances in neural information processing systems},
  volume={33},
  pages={21524--21538},
  year={2020}
}

@article{picheny2023trieste,
  title={Trieste: Efficiently Exploring The Depths of Black-box Functions with {T}ensorFlow},
  author={Picheny, Victor and Berkeley, Joel and Moss, Henry B and Stojic, Hrvoje and Granta, Uri and Ober, Sebastian W and Artemev, Artem and Ghani, Khurram and Goodall, Alexander and Paleyes, Andrei and others},
  journal={arXiv preprint arXiv:2302.08436},
  year={2023}
}

@Misc{gpyopt2016,
  author = {{The GPyOpt authors}},
  title = {{GPyOpt}: A {B}ayesian Optimization framework in {P}ython},
  howpublished = {\url{http://github.com/SheffieldML/GPyOpt}},
  year = {2016}
}

@Misc{gpy2014,
  author = {{The GPy authors}},
  title = {{GPy}: A {G}aussian process framework in {P}ython},
  howpublished = {\url{http://github.com/SheffieldML/GPy}},
  year = {2012}
}

@article{jimenez2017pygpgo,
  title={py{GPGO}: {B}ayesian optimization for {P}ython},
  author={Jim{\'e}nez, Jos{\'e} and Ginebra, Josep},
  journal={Journal of Open Source Software},
  volume={2},
  number={19},
  pages={431},
  year={2017},
	note = {\url{https://doi.org/10.21105/joss.00431}},
}

@INPROCEEDINGS{klein-bayesopt17,
  author    = {A. Klein and S. Falkner and N. Mansur and F. Hutter},
  title     = {{RoBO}: A Flexible and Robust {B}ayesian Optimization Framework in {P}ython},
  booktitle = {NIPS 2017 Bayesian Optimization Workshop},
  year      = {2017},
}

@misc{Charles2013,
  author = {OxfordML},
  title = {bayesquad},
  year = {2013},
  publisher = {GitHub},
  journal = {GitHub repository},
  howpublished = {\url{https://github.com/OxfordML/bayesquad}},
}

@article{mcmichael2021optbayesexpt,
  title={Optbayesexpt: Sequential {B}ayesian Experiment Design for Adaptive Measurements},
  author={McMichael, Robert D and Blakley, Sean M and Dushenko, Sergey},
  journal={Journal of Research of the National Institute of Standards and Technology},
  volume={126},
  pages={1--5},
  year={2021},
  publisher={Superintendent of Documents}
}

@article{wang2021nextorch,
  title={{NEXTorch}: a design and {B}ayesian optimization toolkit for chemical sciences and engineering},
  author={Wang, Yifan and Chen, Tai-Ying and Vlachos, Dionisios G},
  journal={Journal of Chemical Information and Modeling},
  volume={61},
  number={11},
  pages={5312--5319},
  year={2021},
  publisher={ACS Publications},
	note = {\url{https://doi.org/10.1021/acs.jcim.1c00637.s001}},
}

@inproceedings{optuna_2019,
    title={Optuna: A Next-generation Hyperparameter Optimization Framework},
    author={Akiba, Takuya and Sano, Shotaro and Yanase, Toshihiko and Ohta, Takeru and Koyama, Masanori},
    booktitle={Proceedings of the 25th {ACM} {SIGKDD} International Conference on Knowledge Discovery and Data Mining},
    year={2019},
	note = {\url{https://doi.org/10.1145/3292500.3330701}},
}

@inproceedings{louppe2017bayesian,
  title={Bayesian optimisation with scikit-optimize},
  author={Louppe, Gilles},
  booktitle={PyData Amsterdam},
  year={2017}
}

@article{liaw2018tune,
  title={Tune: A research platform for distributed model selection and training},
  author={Liaw, Richard and Liang, Eric and Nishihara, Robert and Moritz, Philipp and Gonzalez, Joseph E and Stoica, Ion},
  journal={arXiv preprint arXiv:1807.05118},
  year={2018}
}

@article{paleyes2019emulation,
  title={Emulation of physical processes with {E}mukit},
  author={Paleyes, Andrei and Pullin, Mark and Mahsereci, Maren and McCollum, Cliff and Lawrence, Neil D and Gonz{\'a}lez, Javier},
  journal={Second workshop on machine learning and the physical sciences, NeurIPS},
  year={2019}
}

@inproceedings{uhrenholt2019efficient,
  title={Efficient {B}ayesian optimization for target vector estimation},
  author={Uhrenholt, Anders Kirk and Jensen, Bj{\o}ern Sand},
  booktitle={The 22nd International Conference on Artificial Intelligence and Statistics},
  pages={2661--2670},
  year={2019},
  organization={PMLR}
}

@article{vanRijn2020,
	note = {\url{https://doi.org/10.21105/joss.02049}},
  url = {https://doi.org/10.21105/joss.02049},
  year = {2020},
  publisher = {The Open Journal},
  volume = {5},
  number = {52},
  pages = {2049},
  author = {Sander van Rijn and Sebastian Schmitt},
  title = {{MF2}: A Collection of Multi-Fidelity Benchmark Functions in {P}ython},
  journal = {Journal of Open Source Software}
}

@article{PhysRevC105034910,
  title = {Efficient emulation of relativistic heavy ion collisions with transfer learning},
  author = {Liyanage, D. and Ji, Y. and Everett, D. and Heffernan, M. and Heinz, U. and Mak, S. and Paquet, J.-F.},
  journal = {Phys. Rev. C},
  volume = {105},
  issue = {3},
  pages = {034910},
  numpages = {15},
  year = {2022},
  month = {Mar},
  publisher = {American Physical Society},
	note = {\url{https://doi.org/10.1103/PhysRevC.105.034910}},
  url = {https://link.aps.org/doi/10.1103/PhysRevC.105.034910}
}

@article{siivola2021good,
  title={Good practices for {B}ayesian optimization of high dimensional structured spaces},
  author={Siivola, Eero and Paleyes, Andrei and Gonz{\'a}lez, Javier and Vehtari, Aki},
  journal={Applied AI Letters},
  volume={2},
  number={2},
  pages={e24},
  year={2021},
  publisher={Wiley Online Library},
	note = {\url{https://doi.org/10.1002/ail2.24}},
}

@article{bell2022modeling,
  title={Modeling the machine learning multiverse},
  author={Bell, Samuel J and Kampman, Onno and Dodge, Jesse and Lawrence, Neil},
  journal={Advances in Neural Information Processing Systems},
  volume={35},
  pages={18416--18429},
  year={2022}
}

@article{moss2020bosh,
  title={{BOSH}: {B}ayesian Optimisation by Sampling Hierarchically},
  author={Moss, Henry B and Leslie, David S and Rayson, Paul},
  journal={Workshop on Real World Experimental Design and Active Learning, ICML},
  year={2020}
}

@misc{Wenger21,
    title={{P}rob{N}um: {P}robabilistic Numerics in {P}ython},
    author={J. Wenger and N. Kr√§mer and M. Pf{\"o}rtner and J. Schmidt and N. Bosch and N. Effenberger and J. Zenn and A. Gessner and T. Karvonen and F.-X. Briol and M. Mahsereci and P. Hennig},
    year = {2021},
    eprint={2112.02100},
    archivePrefix={arXiv},
    primaryClass={cs.MS}
}

@Article{Mockus1978,
  author       = {Mockus, Jonas and Tiesis, Vytautas and Zilinskas, Antanas},
  title        = {The Application of {B}ayesian Methods for Seeking the Extremum},
  volume       = {2},
  number       = {117-129},
  pages        = {2},
  year         = {1978},
  journal = {Towards Global Optimization},
  publisher    = {Amsterdam: Elsevier},
}

@article{snoek2012practical,
  title={Practical {B}ayesian optimization of machine learning algorithms},
  author={Snoek, Jasper and Larochelle, Hugo and Adams, Ryan P},
  journal={Advances in neural information processing systems},
  volume={25},
  year={2012}
}

@book{Garnett2023,
  author    = "Garnett, R.",
  title     = "{Bayesian Optimization}",
  year      = "2023",
  publisher = "Cambridge University Press",
  note      = "to appear"
}

@book{pnbook22,
  place = {Cambridge},
  title = {Probabilistic Numerics: Computation as Machine Learning},
	note = {\url{https://doi.org/10.1017/9781316681411}},
  publisher = {Cambridge University Press},
  author = {Hennig, P. and Osborne, M. A. and Kersting, H. P.},
  year = {2022}
}

@incollection{Diaconis1988,
    Author = "Diaconis, P.",
    Title = "Bayesian numerical analysis",
    Booktitle = "Statistical decision theory and related topics IV",
    Publisher = "Springer-Verlag New York",
    Volume = "1",
    Pages = "163--175",
    Year = "1988"
}

@article{Peherstorfer2017,
author = {Peherstorfer, Benjamin and Willcox, Karen and Gunzburger, Max},
title = {Survey of Multifidelity Methods in Uncertainty Propagation, Inference, and Optimization},
journal = {SIAM Review},
volume = {60},
number = {3},
pages = {550-591},
year = {2018},
	note = {\url{https://doi.org/10.1137/16M1082469}},
}

@article{MacKay1991APB,
  title={A Practical {B}ayesian Framework for Backprop Networks},
  author={David John Cameron MacKay},
  journal={Neural Computation},
  year={1991}
}

@book{RasmussenWilliams2006,
    Author = "Rasmussen, C. E. and Williams, C. K. I.",
    Title = "Gaussian Processes for Machine Learning",
    Publisher = "MIT Press",
    Series = "Adaptive Computation and Machine Learning",
    Year = "2006"
}

@INPROCEEDINGS{Ho1995,
  author={Tin Kam Ho},
  booktitle={Proceedings of 3rd International Conference on Document Analysis and Recognition}, 
  title={Random decision forests}, 
  year={1995},
  volume={1},
  number={},
  pages={278-282 vol.1},
	note = {\url{https://doi.org/10.1109/ICDAR.1995.598994}},
}

@inproceedings{Smith1998UncertaintyAA,
  title={Uncertainty analysis and other inference tools for complex computer codes},
  author={Anthony O'Hagan and Marc C. Kennedy and Jeremy E. Oakley},
  booktitle={Bayesian Statistics 6},
  year={1998}
}

@techreport{Settles2009,
Author = {Burr Settles},
Institution = {University of Wisconsin--Madison},
Number = {1648},
Title = {Active Learning Literature Survey},
Type = {Computer Sciences Technical Report},
Year = {2009},
}

@article{Kennedy2001,
author = {Kennedy, Marc C. and O'Hagan, Anthony},
title = {Bayesian calibration of computer models},
journal = {Journal of the Royal Statistical Society: Series B (Statistical Methodology)},
volume = {63},
number = {3},
pages = {425-464},
	note = {\url{https://doi.org/10.1111/1467-9868.00294}},
year = {2001}
}

@article{Conti2009,
    author = {Conti, S. and Gosling, J. P. and Oakley, J. E. and O'Hagan, A.},
    title = "{Gaussian process emulation of dynamic computer codes}",
    journal = {Biometrika},
    volume = {96},
    number = {3},
    pages = {663-676},
    year = {2009},
    month = {06},
    issn = {0006-3444},
	note = {\url{https://doi.org/10.1093/biomet/asp028}},
}

@article{Conti2010,
title = {Bayesian emulation of complex multi-output and dynamic computer models},
journal = {Journal of Statistical Planning and Inference},
volume = {140},
number = {3},
pages = {640-651},
year = {2010},
issn = {0378-3758},
	note = {\url{https://doi.org/10.1016/j.jspi.2009.08.006}},
author = {Stefano Conti and Anthony O'Hagan},
}

@article{Kennedy2000,
 author = {M. C. Kennedy and A. O'Hagan},
 journal = {Biometrika},
 number = {1},
 pages = {1--13},
 publisher = {[Oxford University Press, Biometrika Trust]},
 ISSN = {00063444},
 title = {Predicting the Output from a Complex Computer Code When Fast Approximations Are Available},
 urldate = {2023-05-30},
 volume = {87},
 year = {2000},
	note = {\url{https://doi.org/10.1093/biomet/87.1.1}},
}

@article{OHagan1992,
    Author = "O'Hagan, A.",
    Title = "Some {B}ayesian numerical analysis",
    Journal = "Bayesian Statistics",
    Volume = "4",
    Pages = "345--363",
    Year = "1992"
}

@inproceedings{RasmussenGhahramani2002,
    Author = "Rasmussen, C. E. and Ghahramani, Z.",
    Title = "{B}ayesian {M}onte {C}arlo",
    Booktitle = "Advances in Neural Information Processing Systems",
    Volume = "15",
    Pages = "505--512",
    Year = "2002"
}

@inproceedings{Naslidnyk21,
  title = {Invariant Priors for {B}ayesian Quadrature},
  author = {Naslidnyk, M. and Gonzalez, J. and Mahsereci, M.},
  booktitle = {Your Model is Wrong: Robustness and misspecification in probabilistic modeling Workshop, NeurIPS},
  year = {2021},
}

@inproceedings{Gessner20,
  Title = "Active Multi-Information Source {B}ayesian Quadrature",
  Author = "Gessner, A. and Gonzalez, J. and Mahsereci, M.",
  Booktitle = "Proceedings of The 35th Uncertainty in Artificial Intelligence Conference",
  Pages = "712--721",
  Year = "2020",
  Editor = "Adams, R.~P. and Gogate, V.",
  Volume = "115",
  Series = "Proceedings of Machine Learning Research",
  Publisher = "PMLR"
}

@article{avent2020automatic,
  title={Automatic Discovery of Privacy--Utility {P}areto Fronts},
  author={Avent, Brendan and Gonz{\'a}lez, Javier and Diethe, Tom and Paleyes, Andrei and Balle, Borja},
  journal={Proceedings on Privacy Enhancing Technologies},
  volume={4},
  pages={5--23},
  year={2020},
	note = {\url{https://doi.org/10.2478/popets-2020-0060}},
}

@inproceedings{baheri2017altitude,
  title={Altitude optimization of airborne wind energy systems: A {B}ayesian optimization approach},
  author={Baheri, Ali and Vermillion, Christopher},
  booktitle={2017 American Control Conference (ACC)},
  pages={1365--1370},
  year={2017},
  organization={IEEE},
	note = {\url{https://doi.org/10.23919/acc.2017.7963143}},
}

@article{graff2021accelerating,
  title={Accelerating high-throughput virtual screening through molecular pool-based active learning},
  author={Graff, David E and Shakhnovich, Eugene I and Coley, Connor W},
  journal={Chemical science},
  volume={12},
  number={22},
  pages={7866--7881},
  year={2021},
  publisher={Royal Society of Chemistry},
	note = {\url{https://doi.org/10.1039/d0sc06805e}},
}

@inproceedings{lam2015numba,
  title={Numba: A {LLVM}-based {P}ython {JIT} compiler},
  author={Lam, Siu Kwan and Pitrou, Antoine and Seibert, Stanley},
  booktitle={Proceedings of the Second Workshop on the LLVM Compiler Infrastructure in HPC},
  pages={1--6},
  year={2015},
	note = {\url{https://doi.org/10.1145/2833157.2833162}},
}

@article{nishino2017cupy,
  title={Cu{P}y: A numpy-compatible library for {N}vidia {GPU} calculations},
  author={Nishino, ROYUD and Loomis, Shohei Hido Crissman},
  journal={31st conference on neural information processing systems},
  volume={151},
  number={7},
  year={2017}
}

@article{giovagnoli2021bayesian,
  title={The {B}ayesian Design of Adaptive Clinical Trials},
  author={Giovagnoli, Alessandra},
  journal={International Journal of Environmental Research and Public Health},
  volume={18},
  number={2},
  year={2021},
  publisher={Multidisciplinary Digital Publishing Institute (MDPI)},
	note = {\url{https://doi.org/10.3390/ijerph18020530}},
}

@article{pauwels2014bayesian,
  title={A {B}ayesian active learning strategy for sequential experimental design in systems biology},
  author={Pauwels, Edouard and Lajaunie, Christian and Vert, Jean-Philippe},
  journal={BMC Systems Biology},
  volume={8},
  number={1},
  pages={1--11},
  year={2014},
  publisher={BioMed Central},
	note = {\url{https://doi.org/10.1186/s12918-014-0102-6}},
}

@article{gongora2020bayesian,
  title={A {B}ayesian experimental autonomous researcher for mechanical design},
  author={Gongora, Aldair E and Xu, Bowen and Perry, Wyatt and Okoye, Chika and Riley, Patrick and Reyes, Kristofer G and Morgan, Elise F and Brown, Keith A},
  journal={Science advances},
  volume={6},
  number={15},
  pages={eaaz1708},
  year={2020},
  publisher={American Association for the Advancement of Science},
	note = {\url{https://doi.org/10.1126/sciadv.aaz1708}},
}