
@InProceedings{ kuiper-proc-scipy-2014,
  author    = { {J}ames {A}. {K}uiper and {A}ndrew {J}. {A}yers and {M}ichael {E}. {H}olm and {M}ichael {J}. {N}owak },
  title     = { {P}ython {C}oding of {G}eospatial {P}rocessing in {W}eb-based {M}apping {A}pplications },
  booktitle = { {P}roceedings of the 13th {P}ython in {S}cience {C}onference },
  pages     = { 38 - 44 },
  year      = { 2014 },
  editor    = { {S}t\'efan van der {W}alt and {J}ames {B}ergstra },
  doi       = { 10.25080/Majora-14bd3278-007 }
}
