
@InProceedings{ jon_mease-proc-scipy-2018,
  author    = { {J}on {M}ease },
  title     = { {B}ringing ipywidgets {S}upport to plotly.py },
  booktitle = { {P}roceedings of the 17th {P}ython in {S}cience {C}onference },
  pages     = { 69 - 76 },
  year      = { 2018 },
  editor    = { {F}atih {A}kici and {D}avid {L}ippa and {D}illon {N}iederhut and {M} {P}acer },
  doi       = { 10.25080/Majora-4af1f417-00b }
}
