@conference{Kluyver:2016aa,
	Author = {Thomas Kluyver and Benjamin Ragan-Kelley and Fernando P{\'e}rez and Brian Granger and Matthias Bussonnier and Jonathan Frederic and Kyle Kelley and Jessica Hamrick and Jason Grout and Sylvain Corlay and Paul Ivanov and Dami{\'a}n Avila and Safia Abdalla and Carol Willing},
	Booktitle = {Positioning and Power in Academic Publishing: Players, Agents and Agendas},
	Editor = {F. Loizides and B. Schmidt},
	Organization = {IOS Press},
	Pages = {87 - 90},
	Title = {Jupyter Notebooks -- a publishing format for reproducible computational workflows},
	Year = {2016}}

@online{plotly,
    author = {Plotly Technologies Inc.},
    title = {Collaborative data science},
    publisher = {Plotly Technologies Inc.},
    address = {Montreal, QC},
    year = {2015},
    url = {https://plot.ly} }

@online{PlotlyOS,
	title = {Plotly.js {Open}-{Source} {Announcement}},
	url = {https://plot.ly/javascript/open-source-announcement/},
	abstract = {Plotly is the easiest way to graph and share your data.},
	urldate = {2018-05-19},
	file = {Snapshot:/Users/measejm1/Zotero/storage/N8NEYKFX/open-source-announcement.html:text/html}
}

@online{PlotlyRest,
	title = {Plotly {REST} {API}, v2},
	url = {https://api.plot.ly/v2/plot-schema},
	urldate = {2018-05-19}
}

@online{PlotlyJsAPI,
	title = {Plotly.js {Function} {Reference}},
	url = {https://plot.ly/javascript/plotlyjs-function-reference/},
	urldate = {2018-05-19}
}

@online{ipywidgets,
    author = {Grout, Jason and Frederic, Jonathan and Corlay, Sylvain},
	title = {ipywidgets: {Interactive} widgets for the {Jupyter} {Notebook}},
	url = {https://github.com/jupyter-widgets/ipywidgets},
	urldate = {2018-05-24},
}

@online{widgetList,
	title = {Widget {List} — {Jupyter} {Widgets} 7.2.1 documentation},
	url = {http://ipywidgets.readthedocs.io/en/latest/examples/Widget%20List.html},
	urldate = {2018-05-19}
}

@online{widgetContexts,
	title = {Embedding {Jupyter} {Widgets} in {Other} {Contexts} than the {Notebook} — {Jupyter} {Widgets} 7.2.1 documentation},
	url = {https://ipywidgets.readthedocs.io/en/latest/embedding.html},
	urldate = {2018-05-19}
}

@online{CustomWidgets,
	title = {Project {Jupyter} {\textbar} {Widgets}},
	url = {http://jupyter.org/widgets},
	urldate = {2018-05-19}
}

@online{traitlets,
	title = {Traitlets — traitlets 4.3.2 documentation},
	url = {https://traitlets.readthedocs.io/en/stable/},
	urldate = {2018-05-19}
}

@online{ipyvolume,
    author = {Breddels, Maarten},
	title = {maartenbreddels/ipyvolume: 3d plotting for {Python} in the {Jupyter} notebook based on {IPython} widgets using {WebGL}},
	url = {https://github.com/maartenbreddels/ipyvolume},
	urldate = {2018-05-19}
}

@book{Wilkinson:2005:GG:1088896,
 author = {Wilkinson, Leland},
 title = {The Grammar of Graphics (Statistics and Computing)},
 year = {2005},
 isbn = {0387245448},
 publisher = {Springer-Verlag},
 address = {Berlin, Heidelberg},
}

@online{bqplot,
    author = {Corlay, Sylvain and Sunkara, Srinivas and Madeka, Dhruv and
    Menegaux, Romain and Cherukuri, Chakri and Grout, Jason},
	title = {bloomberg/bqplot: {Plotting} library for {IPython}/{Jupyter} {Notebooks}},
	url = {https://github.com/bloomberg/bqplot},
	urldate = {2018-05-19}
}

@online{ipyleaflet,
    author = {Corlay, Sylvain and Granger, Brian},
	title = {jupyter-widgets/ipyleaflet: {A} {Jupyter} - {Leaflet}.js bridge},
	url = {https://github.com/jupyter-widgets/ipyleaflet},
	urldate = {2018-05-19}
}