
@InProceedings{ yaksh-proc-scipy-2018,
  author    = { {P}rabhu {R}amachandran and {P}rathamesh {S}alunke and {A}nkit {J}avalkar and {A}ditya {P}alaparthy and {M}ahesh {G}udi and {H}ardik {G}haghada },
  title     = { {Y}aksh: {F}acilitating {L}earning by {D}oing },
  booktitle = { {P}roceedings of the 17th {P}ython in {S}cience {C}onference },
  pages     = { 160 - 167 },
  year      = { 2018 },
  editor    = { {F}atih {A}kici and {D}avid {L}ippa and {D}illon {N}iederhut and {M} {P}acer },
  doi       = { 10.25080/Majora-4af1f417-017 }
}
