
@InProceedings{ marcus_hill-proc-scipy-2020,
  author    = { {M}arcus {H}ill and {M}ojtaba {F}azli and {R}achel {M}attson and {M}eekail {Z}ain and {A}ndrew {D}urden and {A}llyson {T} {L}oy and {B}arbara {R}eaves and {A}bigail {C}ourtney and {F}rederick {D} {Q}uinn and {S} {C}hakra {C}hennubhotla and {S}hannon {P} {Q}uinn },
  title     = { {S}pectral {A}nalysis of {M}itochondrial {D}ynamics: {A} {G}raph-{T}heoretic {A}pproach to {U}nderstanding {S}ubcellular {P}athology },
  booktitle = { {P}roceedings of the 19th {P}ython in {S}cience {C}onference },
  pages     = { 91 - 97 },
  year      = { 2020 },
  editor    = { {M}eghann {A}garwal and {C}hris {C}alloway and {D}illon {N}iederhut and {D}avid {S}hupe },
  doi       = { 10.25080/Majora-342d178e-00d }
}
