@Book{chung97,
  author =  "Fan R. K. Chung and Fan Chung Graham and Conference Board of the Mathematical Sciences",
  year =    "1997",
  title =   "Spectral Graph Theory",
}

@article{Cumming18,
    author={Bridgette M Cumming and Kelvin W Addicott and John H Adamson},
    year={2018},
    title={Mycobacterium tuberculosis induces decelerated bioenergetic metabolism in human macrophages},
    journal={Biochemistry and Chemical Biology, Microbiology and Infectious Disease},
    doi="10.7554/eLife.39169"
}

@article{detmer07,
    author={Scott A. Detmer and David C. Chan},
    year={2007},
    title={Functions and dysfunctions of mitochondrial dynamics},
    journal={Nature Reviews Molecular Cell Biology},
    doi="10.1038/nrm2275"
}

@article{dubey16,
    author={Rikesh K. Dubey},
    year={2016},
    title={Assuming the role of mitochondria in mycobacterial infection},
    journal={International Journal of Mycobacteriology},
    doi="10.1016/j.ijmyco.2016.06.001"
}

@InProceedings{durden18,
  author    = { {A}ndrew {D}urden and {A}llyson {T} {L}oy and {B}arbara {R}eaves and {M}ojtaba {F}azli and {A}bigail {C}ourtney and {F}rederick {D} {Q}uinn and {S} {C}hakra {C}hennubhotla and {S}hannon {P} {Q}uinn },
  title     = { {D}ynamic {S}ocial {N}etwork {M}odeling of {D}iffuse {S}ubcellular {M}orphologies },
  booktitle = { {P}roceedings of the 17th {P}ython in {S}cience {C}onference },
  pages     = { 1 - 7 },
  year      = { 2018 },
  editor    = { {F}atih {A}kici and {D}avid {L}ippa and {D}illon {N}iederhut and {M} {P}acer },
  doi       = { 10.25080/Majora-4af1f417-000 }
}

@article{fazli20,
    author={Mojtaba Fazli and Marcus Hill and Andrew Durden and Rachel Mattson and Allyson T Loy and Barbara Reaves and Abigail Courtney and Frederick D Quinn and Chakra Chennubhotla and Shannon Quinn },
    year={2020},
    title={OrNet - a Python Toolkit to Model the Diffuse Structure of Organelles as Social Networks},
    journal={Journal of Open Source Software},
    doi="10.21105/joss.01983"
}

@article{fc2015,
    author = {Kari Fine-Coulson and Steeve Giguere and Frederick D. Quinn and Barbara J. Reaves},
    year = {2015},
    title = {Infection of A549 human type II epithelial cells with Mycobacterium tuberculosis induces changes in mitochondrial morphology, distribution and mass that are dependent on the early secreted antigen, ESAT-6},
    journal = {Microbes Infect.},
    doi = "10.1016/j.micinf.2015.06.003"
} 

@article{ferree12,
    author = {Andrew Ferree and Orian Shirihai},
    year = {2012},
    title = {Mitochondrial Dynamics: The Intersection of Form and Function},
    journal = {Advances in Experimental Biology and Medicine},
    doi = "10.1007/978-1-4614-3573-0_2"
}

@article{legros02,
    author = {Frederic Legros and Anne Lombes and Paule Frachon and Manuel Rojo},
    year = {2002},
    title = {Mitochondrial Fusion in Human Cells Is Efficient, Requires the Inner Membrane Potential, and Is Mediated by Mitofusins},
    journal = {Molecular Biology of the Cell},
    doi = "10.1091/mbc.E02-06-0330"
}

@article{mitra10,
    author={Kasturi Mitra and Jennifer Lippincott-Schwartz},
    year={2010},
    title={Analysis of mitochondrial dynamics and functions using imaging approaches},
    journal={Curr Protoc Cell Biol},
    doi="10.1002/0471143030.cb0425s46",
}

@article{sison17,
    author={Miguel Sison and Sabyasachi Chakrabortty and Jerome Extermann and Amir Nahas and Paul James Marchand and Antonio Lopez and Tanja Weil and Teho Lasser},
    year = {2017},
    title={3D Time-lapse Imaging and Quantification of Mitochondrial Dynamics},
    journal={Scientific Reports},
    doi="10.1038/srep43275"
}

@article{song08,
    author={Wenjun Song and Blaise Bossy and Ola J Martin and Andrew Hicks and Sarah Lubitz and Andrew B Knott and Ella Bossy-Wetzel},
    year = {2008},
    title={Assessing Mitochondrial Morphology and Dynamics Using Fluorescence Wide-Field Microscopy and 3D Image Processing},
    journal={Methods},
    doi="10.1016/j.ymeth.2008.10.003"
}

@article{suen08,
    author={Der-Fen Suen and Kristi L. Norris and Richard J. Youle},
    year ={2008},
    title={Mitochondrial dynamics and apoptosis},
    journal={Genes and Development},
    doi="10.1101/gad.1658508"
}
