@Article{Barni2005,
  Title                    = {{P}ushing {S}cience into {S}ignal {P}rocessing},
  Author                   = {Mauro Barni and Fernando Perez-Gonzalez},
  Journal                  = {IEEE Signal Processing Magazine},
  Year                     = {2005},

  Month                    = jul,
  Number                   = {4},
  Pages                    = {120-119},
  Volume                   = {22},

  Doi                      = {10.1109/MSP.2005.1458324},
}

@Article{Begley2012,
  Title                    = {{D}rug development: {R}aise standards for preclinical cancer research},
  Author                   = {C. Glenn Begley AND Lee M. Ellis},
  Journal                  = {Nature},
  Year                     = {2012},

  Month                    = mar,
  Number                   = {7391},
  Pages                    = {531-533},
  Volume                   = {483},

  Doi                      = {10.1038/483531a},
}

@Article{Choudhury2012,
  author =    {Kingshuk Roy Choudhury AND Ray Gibson},
  title =     {{E}ditorial: {R}eproducible {R}esearch in {M}edical {I}maging},
  journal =   {Molecular Imaging and Biology},
  year =      {2012},
  volume =    {14},
  number =    {4},
  pages =     {395-396},
  month =     jun,
  doi =       {10.1007/s11307-012-0569-8},
}

@Article{Davison2012,
  Title                    = {{A}utomated {C}apture of {E}xperiment {C}ontext for {E}asier {R}eproducibility in {C}omputational {R}esearch},
  Author                   = {Andrew P. Davison},
  Journal                  = {Computing in Science \& Engineering},
  Year                     = {2012},

  Month                    = jul,
  Number                   = {4},
  Pages                    = {48-56},
  Volume                   = {14},

  Doi                      = {10.1109/MCSE.2012.41},
}

@Standard{ECMA2013,
  title        = {{T}he {JSON} {D}ata {I}nterchange {F}ormat},
  organization = {ECMA International},
  revision     = {1},
  address      = {Rue du Rhône 114, CH-1204 Geneva, Switzerland},
  month        = oct,
  year         = {2013},
}

@InProceedings{Folk2010,
  author    = {Mike Folk AND Elena Pourmal},
  title     = {{B}alancing {P}erformance and {P}reservation {L}essons learned with {HDF}5},
  booktitle = {Digital Preservation Interoperability Framework (DPIF) Workshop},
  year      = {2010},
  address   = {Gaithersburg, Maryland, USA},
  month     = mar #{ 29 -- 31,},
  doi       = {10.1145/2039274.2039285},
}

@Article{Fomel2015,
  author =    {Sergey Fomel},
  title =     {{R}eproducible {R}esearch as a {C}ommunity {E}ffort: {L}essons from the {M}adagascar {P}roject},
  journal =   {Computing in Science \& Engineering},
  year =      {2015},
  volume =    {17},
  number =    {1},
  pages =     {20-26},
  month =     jan,
  doi =       {10.1109/MCSE.2014.94},
}

@Article{Hinsen2014_version2,
  author =    {Konrad Hinsen},
  title =     {{C}omputational science: shifting the focus from tools to models},
  journal =   {F1000Research},
  year =      {2014},
  volume =    {3},
  number =    {101},
  pages =     {1-16},
  month =     jun,
  doi =       {10.12688/f1000research.3978.2},
}

@Article{Hinsen2015_version3,
  author =    {Konrad Hinsen},
  title =     {{A}ctive{P}apers: a platform for publishing and archiving computer-aided research},
  journal =   {F1000Research},
  year =      {2015},
  volume =    {3},
  number =    {289},
  pages =     {14},
  month =     jul,
  doi =       {10.12688/f1000research.5773.3},
}

@Article{Hunter2007,
  Title                    = {{M}atplotlib: {A} 2{D} {G}raphics {E}nvironment},
  Author                   = {John D. Hunter},
  Journal                  = {Computing in Science \& Engineering},
  Year                     = {2007},

  Month                    = may,
  Number                   = {3},
  Pages                    = {90-95},
  Volume                   = {9},

  Doi                      = {10.1109/MCSE.2007.55},
}

@Article{LeVeque2012,
  author    = {Randall J. LeVeque AND Ian M. Mitchell AND Victoria Stodden},
  title     = {{R}eproducible {R}esearch for {S}cientific {C}omputing: {T}ools and {S}trategies for {C}hanging the {C}ulture},
  journal   = {Computing in Science \& Engineering},
  year      = {2012},
  volume    = {14},
  number    = {4},
  pages     = {13-17},
  month     = jul,
  doi       = {10.1109/MCSE.2012.38},
}

@Article{McCabe1976,
  Title                    = {{A} {C}omplexity {M}easure},
  Author                   = {Thomas J. McCabe},
  Journal                  = {IEEE Transactions on Software Engineering},
  Year                     = {1976},

  Month                    = dec,
  Number                   = {4},
  Pages                    = {308-320},
  Volume                   = {SE-2},

  Doi                      = {10.1109/TSE.1976.233837},
}

@InProceedings{McKinney2010,
  author    = {Wes McKinney},
  title     = {{D}ata {S}tructures for {S}tatistical {C}omputing in {P}ython},
  booktitle = {Proceedings of the 9th Python in Science Conference},
  year      = {2010},
  pages     = {51-56},
  address   = {Austin, Texas, USA},
  month     = jun #{ 28 -- } # jul #{ 3,},
}

@Article{Merali2010,
  author =    {Zeeya Merali},
  title =     {{C}omputational science: ...{E}rror ...why scientific programming does not compute.},
  journal =   {Nature},
  year =      {2010},
  volume =    {467},
  pages =     {775-777},
  month =     oct,
  doi =       {10.1038/467775a},
}

@Article{Miller2006,
  Title                    = {{A} {S}cientist’s {N}ightmare: {S}oftware {P}roblem {L}eads to {F}ive {R}etractions},
  Author                   = {Greg Miller},
  Journal                  = {Science},
  Year                     = {2006},

  Month                    = dec,
  Number                   = {5807},
  Pages                    = {1856-1857},
  Volume                   = {314},

  Doi                      = {10.1126/science.314.5807.1856},
}

@Article{NatureEd2011,
  Title                    = {{D}evil in the details},
  Author                   = {Editorial},
  Journal                  = {Nature},
  Year                     = {2011},

  Month                    = feb,
  Number                   = {7334},
  Pages                    = {305-306},
  Volume                   = {470},

  Doi                      = {10.1038/470305b},
  Key                      = {Editorial},
}

@Article{Oinn2004,
  author    = {Tom Oinn AND Matthew Addis AND Justin Ferris AND Darren Marvin AND Martin Senger AND Mark Greenwood AND Tim Carver AND Kevin Glover AND Matthew R. Pocock AND Anil Wipat AND Peter Li},
  title     = {{T}averna: a tool for the composition and enactment of bioinformatics workflows},
  journal   = {Bioinformatics},
  year      = {2004},
  volume    = {20},
  number    = {17},
  pages     = {3045–3054},
  month     = jun,
  doi       = {10.1093/bioinformatics/bth361},
}

@Article{Oliphant2007,
  Title                    = {{P}ython for {S}cientific {C}omputing},
  Author                   = {Travis E. Oliphant},
  Journal                  = {Computing in Science \& Engineering},
  Year                     = {2007},

  Month                    = may,
  Number                   = {3},
  Pages                    = {10-20},
  Volume                   = {9},

  Doi                      = {10.1109/MCSE.2007.58},
}

@Article{Oxvig2014,
  Title                    = {{M}agni: {A} {P}ython {P}ackage for {C}ompressive {S}ampling and {R}econstruction of {A}tomic {F}orce {M}icroscopy {I}mages},
  Author                   = {Christian Schou Oxvig and Patrick Steffen Pedersen and Thomas Arildsen and Jan Østergaard and Torben Larsen},
  Journal                  = {Journal of Open Research Software},
  Year                     = {2014},

  Month                    = oct,
  Number                   = {1},
  Pages                    = {e29},
  Volume                   = {2},

  Doi                      = {10.5334/jors.bk},
  Journaltitle             = {Journal of Open Research Software},
  Pubstate                 = {Accepted},
}

@Article{Peng2009,
  author =    {Roger D. Peng AND Sandrah P. Eckel},
  title =     {{D}istributed {R}eproducible {R}esearch {U}sing {C}ached {C}omputations},
  journal =   {Computing in Science \& Engineering},
  year =      {2009},
  volume =    {11},
  number =    {1},
  pages =     {28-34},
  month =     jan,
  doi =       {10.1109/MCSE.2009.6},
}

@Article{Peng2011,
  Title                    = {{R}eproducible {R}esearch in {C}omputational {S}cience},
  Author                   = {Roger D. Peng},
  Journal                  = {Science},
  Year                     = {2011},

  Month                    = dec,
  Number                   = {6060},
  Pages                    = {1226-1227},
  Volume                   = {334},

  Doi                      = {10.1126/science.1213847},
}

@Article{Rupp2011,
  author =    {Markus Rupp AND Fulvio Gini AND Ana Pérez-Neira AND Beatrice Pesquet-Popescu AND Aggelos Pikrakis AND Bulent Sankur AND Patrick Vandewalle AND Abdelhak Zoubir},
  title =     {{R}eproducible research in signal processing},
  journal =   {EURASIP Journal on Advances in Signal Processing},
  year =      {2011},
  volume =    {93},
  number =    {1},
  pages =     {1-2},
  month =     oct,
  doi =       {10.1186/1687-6180-2011-93},
}

@Article{Sandve2013,
  Title                    = {{T}en {S}imple {R}ules for {R}eproducible {C}omputational {R}esearch},
  Author                   = {Geir Kjetil Sandve AND Anton Nekrutenko AND James Taylor AND Eivind Hovig},
  Journal                  = {PLoS Computational Biology},
  Year                     = {2013},

  Month                    = oct,
  Number                   = {10},
  Pages                    = {e1003285},
  Volume                   = {9},

  Doi                      = {10.1371/journal.pcbi.1003285},
}

@Article{Silva2007,
  author    = {Claudio T. Silva AND Juliana Freire AND Steven P. Callahan},
  title     = {{P}rovenance for {V}isualizations: {R}eproducibility and {B}eyond},
  journal   = {Computing in Science \& Engineering},
  year      = {2007},
  volume    = {9},
  number    = {5},
  pages     = {82-89},
  month     = sep,
  doi       = {10.1109/MCSE.2007.106},
}

@Article{Stodden2014,
  Title                    = {{B}est {P}ractices for {C}omputational {S}cience: {S}oftware {I}nfrastructure and {E}nvironments for {R}eproducible and {E}xtensible {R}esearch},
  Author                   = {Victoria Stodden AND Sheila Miguez},
  Journal                  = {Journal of Open Research Software},
  Year                     = {2014},

  Month                    = jul,
  Number                   = {1},
  Pages                    = {1-6},
  Volume                   = {2},

  Doi                      = {10.5334/jors.ay},
}
@Book{Stodden2014a,
  title     = {{I}mplementing {R}eproducible {R}esearch},
  publisher = {CRC Press},
  year      = {2014},
  editor    = {Victoria Stodden AND Friedrich Leisch AND Roger D. Peng},
  series    = {Chapman \& Hall/CRC The R Series},
}

@Book{Stodden2014a,
  title     = {{I}mplementing {R}eproducible {R}esearch},
  publisher = {CRC Press},
  year      = {2014},
  editor    = {Victoria Stodden AND Friedrich Leisch AND Roger D. Peng},
  series    = {Chapman \& Hall/CRC The R Series},
}

@Article{Vandewalle2009,
  Title                    = {{R}eproducible {R}esearch in {S}ignal {P}rocessing [{W}hat, why, and how]},
  Author                   = {P. Vandewalle AND J. Kova\v{c}evi\'{c} AND M. Vetterli},
  Journal                  = {IEEE Signal Processing Magazine},
  Year                     = {2009},

  Month                    = may,
  Number                   = {3},
  Pages                    = {37-47},
  Volume                   = {26},

  Doi                      = {10.1109/MSP.2009.932122},
}

@Article{Walt2011,
  Title                    = {{T}he {N}um{P}y {A}rray: {A} {S}tructure for {E}fficient {N}umerical {C}omputation},
  Author                   = {Stéfan van der Walt AND S. Chris Colbert AND Gaël Varoquaux},
  Journal                  = {Computing in Science \& Engineering},
  Year                     = {2011},

  Month                    = mar,
  Number                   = {2},
  Pages                    = {22-30},
  Volume                   = {13},

  Doi                      = {10.1109/MCSE.2011.37},
}

@TechReport{Watson1996,
  Title                    = {{S}tructured {T}esting: {A} {T}esting {M}ethodology {U}sing the {C}yclomatic {C}omplexity {M}etric},
  Author                   = {Arthur H. Watson AND Thomas J. McCabe},
  Institution              = {National Institute of Standards and Technology (NIST)},
  Year                     = {1996},
  Month                    = sep,
  Number                   = {500-235},
  Type                     = {Special Publication},

}

@Article{Wilson2014,
  author =    {Greg Wilson AND D. A. Aruliah AND C. Titus Brown AND Neil P. Chue Hong AND Matt Davis AND Richard T. Guy AND Steven H. D. Haddock AND Kathryn D. Huff AND Ian M. Mitchell AND Mark D. Plumbley AND Ben Waugh AND Ethan P. White AND Paul Wilson},
  title =     {{B}est {P}ractices for {S}cientific {C}omputing},
  journal =   {PloS Biology},
  year =      {2014},
  volume =    {12},
  number =    {1},
  pages =     {e1001745},
  month =     jan,
  doi =       {10.1371/journal.pbio.1001745},
}

