
@InProceedings{ david_dotson-proc-scipy-2016,
  author    = { {D}avid {L}. {D}otson and {S}ean {L}. {S}eyler and {M}ax {L}inke and {R}ichard {J}. {G}owers and {O}liver {B}eckstein },
  title     = { datreant: persistent, {P}ythonic trees for heterogeneous data },
  booktitle = { {P}roceedings of the 15th {P}ython in {S}cience {C}onference },
  pages     = { 51 - 56 },
  year      = { 2016 },
  editor    = { {S}ebastian {B}enthall and {S}cott {R}ostrup },
  doi       = { 10.25080/Majora-629e541a-007 }
}
