
@InProceedings{ saravanan-proc-scipy-2014,
  author    = { {R}amalingam {S}aravanan },
  title     = { {C}reating a browser-based virtual computer lab for classroom instruction },
  booktitle = { {P}roceedings of the 13th {P}ython in {S}cience {C}onference },
  pages     = { 72 - 78 },
  year      = { 2014 },
  editor    = { {S}t\'efan van der {W}alt and {J}ames {B}ergstra },
  doi       = { 10.25080/Majora-14bd3278-00c }
}
