
@InProceedings{ anthony_suen_laura_noren_alan_liang_andrea_tu-proc-scipy-2018,
  author    = { {A}nthony {S}uen and {L}aura {N}or\'en and {A}lan {L}iang and {A}ndrea {T}u },
  title     = { {E}quity, {S}calability, and {S}ustainability of {D}ata {S}cience {I}nfrastructure },
  booktitle = { {P}roceedings of the 17th {P}ython in {S}cience {C}onference },
  pages     = { 15 - 17 },
  year      = { 2018 },
  editor    = { {F}atih {A}kici and {D}avid {L}ippa and {D}illon {N}iederhut and {M} {P}acer },
  doi       = { 10.25080/Majora-4af1f417-002 }
}
