
@InProceedings{ ivan_nesic-proc-scipy-2021,
  author    = { {R}omeo {K}ienzler and {I}van {N}esic },
  title     = { {C}{L}{A}{I}{M}{E}{D}, a visual and scalable component library for {T}rusted {A}{I} },
  booktitle = { {P}roceedings of the 20th {P}ython in {S}cience {C}onference },
  pages     = { 58 - 64 },
  year      = { 2021 },
  editor    = { {M}eghann {A}garwal and {C}hris {C}alloway and {D}illon {N}iederhut and {D}avid {S}hupe },
  doi       = { 10.25080/majora-1b6fd038-007 }
}
