@misc{art,
  author = {Maria-Irina Nicolae and Mathieu Sinn and Minh Ngoc Tran and Beat Buesser and Ambrish Rawat and Martin Wistuba and Valentina Zantedeschi and Nathalie Baracaldo and Bryant Chen and Heiko Ludwig and Ian M. Molloy and Ben Edwards},
  title = {Adversarial Robustness Toolbox},
  howpublished = {arXiv:1807.01069},
  year = {2019},
  month = {November}
}

@misc{aif360,
  author = {Rachel K. E. Bellamy, et al.},
  title = {AI Fairness 360: An Extensible Toolkit for Detecting, Understanding, and Mitigating Unwanted Algorithmic Bias},
  howpublished = {arXiv:1810.01943},
  year = {2018},
  month = {October}
}

@misc{aix360,
  author = {Vijay Arya, et al.},
  title = {One Explanation Does Not Fit All: A Toolkit and Taxonomy of AI Explainability Techniques},
  howpublished = {arXiv:1909.03012},
  year = {2019},
  month = {September}
}

@misc{cncf,
  title = {Cloud Native Computing Foundation},
  howpublished = {\url{https://www.cncf.io}},
  note = {Last accessed 18 Feb 2021}
}

@misc{complib,
  title = {Component Library},
  howpublished = {\url{https://github.com/elyra-ai/component-library}}
}

@misc{elyra,
  author = {{Elyra AI}},
  title = {Elyra AI},
  howpublished = {\url{https://github.com/elyra-ai}},
  note = {Last accessed 18 Feb 2021}
}

@article{kubernetes,
  author = {David Bernstein, et al.},
  title = {Containers and Cloud: From LXC to Docker to Kubernetes},
  journal = {IEEE Cloud Computing},
  volume = {1},
  number = {3},
  year = {2014},
  month = {September}
}

@inproceedings{kfserving,
  author = {Clive Cox and Dan Sun and Ellis Tarn and Animesh Singh and Rakesh Kelkar and David Goodwin},
  title = {Serverless inferencing on Kubernetes},
  booktitle = {Workshop on "Challenges in Deploying and Monitoring Machine Learning System" at ICML 2020}
}

@inproceedings{kubeflow,
  author = {Debo Dutta and Xinyuan Huang},
  title = {Consistent Multi-Cloud AI Lifecycle Management with Kubeflow},
  booktitle = {OpML},
  year = {2019}
}

@misc{katib,
  author = {George, et al.},
  title = {A Scalable and Cloud-Native Hyperparameter Tuning System},
  howpublished = {arXiv:2006.02085},
  year = {2020},
  month = {June}
}

@misc{tf,
  author = {Martín Abadi, et al.},
  title = {TensorFlow: Large-Scale Machine Learning on Heterogeneous Distributed Systems},
  howpublished = {arXiv:1603.04467v2},
  year = {2016},
  month = {March}
}

@misc{ibmcncf,
  title = {IBM joining CNCF},
  howpublished = {\url{https://developer.ibm.com/technologies/containers/blogs/ibms-dedication-to-open-source-and-its-involvement-with-the-cncf}},
  note = {Last accessed 18 Feb 2021}
}

@misc{ect,
  title = {Elyra Classification Training},
  howpublished = {\url{https://github.com/cloud-annotations/elyra-classification-training/tree/developer_article}}
}

@inproceedings{slurm,
  author = {Yoo, Andy B. and Jette, Morris A. and Grondona, Mark},
  title = {SLURM: Simple Linux Utility for Resource Management},
  booktitle = {Job Scheduling Strategies for Parallel Processing},
  publisher = {Springer},
  year = {2003}
}

@article{snakemake,
  author = {Köster, Johannes and Rahmann, Sven},
  title = {Snakemake—a scalable bioinformatics workflow engine},
  journal = {Journal of Bioinformatics},
  volume = {28},
  number = {19},
  pages = {2520-2522},
  month = {August},
  year = {2012}
}

@misc{qsub,
  title = {Qsub},
  howpublished = {\url{https://en.wikipedia.org/wiki/Qsub}}
}

@article{htcondor,
  author = {E M Fajardo, et al.},
  title = {How much higher can HTCondor fly?},
  journal = {Journal of Physics.: Conference Series},
  volume = {664},
  year = {2014},
  month = {June}
}

@article{galaxy,
  author = {Enis Afgan, et al.},
  title = {The Galaxy platform for accessible, reproducible and collaborative biomedical analyses: 2018 update},
  journal = {Nucleic Acids Research},
  volume = {46},
  pages = {W537-W544},
  doi = {10.1093/nar/gky379},
  year = {2018},
  month = {July}
}

@misc{nifi,
  title = {Apache NiFi},
  howpublished = {\url{https://nifi.apache.org/}}
}

@misc{openwdl,
  title = {OpenWDL},
  howpublished = {\url{https://openwdl.org/}}
}

@misc{cwl,
  title = {Common Workflow Language},
  howpublished = {\url{https://www.commonwl.org/}}
}

@misc{cromwell,
  title = {Cromwell},
  howpublished = {\url{https://cromwell.readthedocs.io/en/stable/}}
}

@misc{covidata,
  author = {Joseph Paul Cohen,, et al.},
  title = {COVID-19 Image Data Collection: Prospective Predictions Are the Future},
  howpublished = {arXiv:2006.11988},
  year = {2020}
}

@misc{tfeager,
  author = {Akshay Agrawal, et al.},
  title = {TensorFlow Eager: A Multi-Stage, Python-Embedded DSL for Machine Learning},
  booktitle = {Proceedings of the 2nd SysML Conference},
  howpublished = {arXiv:1903.01855},
  year = {2019}
}

@misc{tfimgprep,
  title = {TensorFlow Image Dataset From Directory},
  howpublished = {\url{https://www.tensorflow.org/api_docs/python/tf/keras/preprocessing/image_dataset_from_directory}}
}

@misc{galaxy-ui,
  title = {Galaxy Tools PCA},
  howpublished = {\url{https://github.com/bgruening/galaxytools/blob/c1027a3f78bca2fd8a53f076ef718ea5adbf4a8a/tools/sklearn/pca.xml#L75}}
}

@misc{c3,
  title = {C3},
  howpublished = {\url{https://github.com/romeokienzler/c3}}
}

@book{tfbook,
  author = {Romeo Kienzler and Jerome Nilmeier},
  title = {What's New In TensorFlow 2.x?},
  publisher = {O'Reilly Media, Inc.},
  isbn = {9781492073710},
  year = {2020},
  month = {July}
}

@misc{vscode,
  title = {Visual Studio Code},
  howpublished = {\url{https://code.visualstudio.com/}}
}

@misc{scicore,
  title = {SciCORE},
  howpublished = {\url{https://scicore.unibas.ch/}}
}

@misc{sphn,
  title = {SPHN},
  howpublished = {\url{https://sphn.ch/}}
}

@misc{sib,
  title = {SIB},
  howpublished = {\url{https://www.sib.swiss/}}
}

@incollection{citizends,
  author = {Mullarkey, Matthew T., et al.},
  title = {Citizen Data Scientist: A Design Science Research Method for the Conduct of Data Science Projects},
  booktitle = {Extending the Boundaries of Design Science Theory and Practice},
  pages = {191-205},
  publisher = {Springer International Publishing},
  isbn = {978-3-030-19504-5},
  year = {2019}
}

@article{jupyter-standard,
  author = {Perkel, Jeffrey M.},
  title = {Why Jupyter is data scientists' computational notebook of choice},
  journal = {Nature},
  volume = {563},
  number = {7732},
  pages = {145+},
  year = {2018}
}

@misc{mlx,
  title = {Machine Learning Exchange (MLX)},
  howpublished = {\url{https://github.com/machine-learning-exchange/mlx}},
  note = {Accessed: 29 of June, 2021}
}

@incollection{jupyter,
  author       = {Thomas Kluyver and Benjamin Ragan-Kelley and Fernando Pérez and Brian Granger and Matthias Bussonnier and Jonathan Frederic and Kyle Kelley and Jessica Hamrick and Jason Grout and Sylvain Corlay and Paul Ivanov and Damien Avila and Safia Abdalla and Carol Willing and Jupyter Development Team},
  title        = {Jupyter Notebooks – a publishing format for reproducible computational workflows},
  booktitle    = {Positioning and Power in Academic Publishing: Players, Agents and Agendas},
  pages        = {87--90},
  year         = {2016},
  doi          = {10.3233/978-1-61499-649-1-87}
}
