
@InProceedings{ jonathon_smith-proc-scipy-2016,
  author    = { {J}onathon {S}mith, {W}illiam {T}aber, {T}heodore {D}rain, {S}cott {E}vans,
{J}ames {E}vans, {M}ichelle {G}uevara, {W}illiam {S}chulze,
{R}ichard {S}unseri, {H}si-{C}heng {W}u },
  title     = { {M}{O}{N}{T}{E} {P}ython for {D}eep {S}pace {N}avigation },
  booktitle = { {P}roceedings of the 15th {P}ython in {S}cience {C}onference },
  pages     = { 62 - 68 },
  year      = { 2016 },
  editor    = { {S}ebastian {B}enthall and {S}cott {R}ostrup },
  doi       = { 10.25080/Majora-629e541a-009 }
}
