
@InProceedings{ mike_pacer-proc-scipy-2015,
  author    = { {M}ichael {D}. {P}acer },
  title     = { {C}ausal {B}ayesian {N}etwork{X} },
  booktitle = { {P}roceedings of the 14th {P}ython in {S}cience {C}onference },
  pages     = { 144 - 151 },
  year      = { 2015 },
  editor    = { {K}athryn {H}uff and {J}ames {B}ergstra },
  doi       = { 10.25080/Majora-7b98e3ed-016 }
}
