
@InProceedings{ ragan-kelley-proc-scipy-2010,
  author    = { {M}in {R}agan-{K}elley and {J}ohn {V}erboncoeur },
  title     = { {A} {P}rogrammatic {I}nterface for {P}article {P}lasma {S}imulation in {P}ython },
  booktitle = { {P}roceedings of the 9th {P}ython in {S}cience {C}onference },
  pages     = { 77 - 79 },
  year      = { 2010 },
  editor    = { {S}t\'efan van der {W}alt and {J}arrod {M}illman },
  doi       = { 10.25080/Majora-92bf1922-00e }
}
