
@InProceedings{ alejandro_weinstein-proc-scipy-2016,
  author    = { {A}lejandro {W}einstein and {W}ael {E}l-{D}eredy and {S}t\'eren {C}habert and {M}yriam {F}uentes },
  title     = { {F}itting {H}uman {D}ecision {M}aking {M}odels using {P}ython },
  booktitle = { {P}roceedings of the 15th {P}ython in {S}cience {C}onference },
  pages     = { 1 - 6 },
  year      = { 2016 },
  editor    = { {S}ebastian {B}enthall and {S}cott {R}ostrup },
  doi       = { 10.25080/Majora-629e541a-000 }
}
