@article{van2019data,
  author  = {van der Loo, Mark PJ and de Jonge, Edwin},
  title   = {Data Validation Infrastructure for R},
  journal = {arXiv preprint arXiv:1912.09759},
  year    = {2019}
}

@book{van2018statistical,
  title={Statistical data cleaning with applications in R},
  author={Van der Loo, Mark and De Jonge, Edwin},
  year={2018},
  publisher={Wiley Online Library}
}

@InProceedings{ mckinney-proc-scipy-2010,
  author    = { {W}es {M}c{K}inney },
  title     = { {D}ata {S}tructures for {S}tatistical {C}omputing in {P}ython },
  booktitle = { {P}roceedings of the 9th {P}ython in {S}cience {C}onference },
  pages     = { 56 - 61 },
  year      = { 2010 },
  editor    = { {S}t\'efan van der {W}alt and {J}arrod {M}illman },
  doi       = { 10.25080/Majora-92bf1922-00a }
}

@misc{git,
  title = {Git},
  url = {https://git-scm.com},
  note = {Accessed: 29 May 2020}
}

@misc{ge,
    title = {Great Expectations: Always know what to expect from your data},
    url = {https://github.com/great-expectations/great_expectations},
    note = {Accessed: 29 May 2020}
}

@misc{schema,
    title = {Schema: Schema validation just got Pythonic},
    url = {https://github.com/keleshev/schema},
    note = {Accessed: 29 May 2020}
}

@misc{ps,
    title = {PandasSchema},
    url = {https://github.com/TMiguelT/PandasSchema},
    note = {Accessed: 29 May 2020}
}

@misc{op,
    title = {Opulent-Pandas},
    url = {https://github.com/danielvdende/opulent-pandas},
    note = {Accessed: 29 May 2020}
}

@misc{asv,
    title = {airspeed velocity},
    url = {https://github.com/airspeed-velocity/asv},
    note = {Accessed: 29 May 2020}
}

@misc{pyjan,
    title = {pyjanitor},
    url = {https://github.com/ericmjl/pyjanitor},
    note = {Accessed: 6 June 2020}
}

@misc{pdply,
    title = {pandas-ply},
    url = {https://github.com/coursera/pandas-ply},
    note = {Accessed: 6 June 2020}
}

@misc{sba,
    title = {siuba},
    url = {https://github.com/machow/siuba},
    note = {Accessed: 6 June 2020}
}

@misc{pdpf,
    title = {pandas-profiling},
    url = {https://github.com/pandas-profiling/pandas-profiling},
    note = {Accessed: 6 June 2020}
}

@misc{pytest,
    title = {pytest},
    url = {https://github.com/pytest-dev/pytest},
    note = {Accessed: 29 June 2020}
}

@article{MacIver2019Hypothesis,
  journal = {Journal of Open Source Software},
  doi = {10.21105/joss.01891},
  issn = {2475-9066},
  number = {43},
  publisher = {The Open Journal},
  title = {Hypothesis: A new approach to property-based testing},
  url = {http://dx.doi.org/10.21105/joss.01891},
  volume = {4},
  author = {MacIver, David and Hatfield-Dodds, Zac and Contributors, Many},
  pages = {1891},
  date = {2019-11-21},
  year = {2019},
  month = {11},
  day = {21},
}

@software{david_r_maciver_2020_3859851,
  author       = {David R. MacIver and
                  Zac Hatfield-Dodds and
                  pyup.io bot and
                  Alex Chan and
                  Stuart Cook and
                  Ryan Soklaski and
                  David Chudzicki and
                  jwg4 and
                  Alex Willmer and
                  Tyler and
                  Kyle Reeve and
                  Grigorios Giannakopoulos and
                  mulkieran and
                  Emmanuel Leblond and
                  Christopher Armstrong and
                  Tyler Gibbons and
                  Jeremy Thurgood and
                  Paul Stiverson and
                  SuperStormer and
                  Alexander Shorin and
                  David Mascharka and
                  Peter C Kroon and
                  Anne Archibald and
                  Tom Prince and
                  Mathieu PATUREL and
                  dwest-netflix and
                  Tom McDermott and
                  rdturnermtl and
                  Graham Williamson and
                  Cory Benfield},
  title        = {{HypothesisWorks/hypothesis: Hypothesis for Python
                   - version 5.16.0}},
  month        = may,
  year         = 2020,
  publisher    = {Zenodo},
  version      = {hypothesis-python-5.16.0},
  doi          = {10.5281/zenodo.3859851},
  url          = {https://doi.org/10.5281/zenodo.3859851}
}

@inproceedings{armstrong1974dependency,
  title={Dependency Structures of Data Base Relationships.},
  author={Armstrong, William Ward},
  booktitle={IFIP congress},
  volume={74},
  pages={580--583},
  year={1974},
  organization={Geneva, Switzerland}
}

@inproceedings{bohannon2007conditional,
  title={Conditional functional dependencies for data cleaning},
  author={Bohannon, Philip and Fan, Wenfei and Geerts, Floris and Jia, Xibei and Kementsietsidis, Anastasios},
  booktitle={2007 IEEE 23rd international conference on data engineering},
  pages={746--755},
  year={2007},
  organization={IEEE}
}

@inproceedings{rocklin2015dask,
  title={Dask: Parallel computation with blocked algorithms and task scheduling},
  author={Rocklin, Matthew},
  booktitle={Proceedings of the 14th python in science conference},
  number={130-136},
  year={2015},
  organization={Citeseer}
}

@InProceedings{ eric-ma-proc-scipy-2019,
  author    = { {E}ric {J}. {M}a and {Z}achary {B}arry and {S}am {Z}uckerman and {Z}achary {S}ailer },
  title     = { pyjanitor: {A} {C}leaner {A}{P}{I} for {C}leaning {D}ata },
  booktitle = { {P}roceedings of the 18th {P}ython in {S}cience {C}onference },
  pages     = { 50 - 53 },
  year      = { 2019 },
  editor    = { {C}hris {C}alloway and {D}avid {L}ippa and {D}illon {N}iederhut and {D}avid {S}hupe },
  doi       = { 10.25080/Majora-7ddc1dd1-007 }
}

@article{wickham2014tidy,
  title={Tidy data},
  author={Wickham, Hadley and others},
  journal={Journal of Statistical Software},
  volume={59},
  number={10},
  pages={1--23},
  year={2014}
}
