
@InProceedings{ anthony_scopatz_flmake-proc-scipy-2012,
  author    = { {A}nthony {S}copatz },
  title     = { {T}otal {R}ecall: flmake and the {Q}uest for {R}eproducibility },
  booktitle = { {P}roceedings of the 11th {P}ython in {S}cience {C}onference },
  pages     = { 16 - 22 },
  year      = { 2012 },
  editor    = { {A}ron {A}hmadia and {J}arrod {M}illman and {S}t\'efan van der {W}alt },
  doi       = { 10.25080/Majora-54c7f2c8-003 }
}
