
@InProceedings{ clark-proc-scipy-2014,
  author    = { {D}av {C}lark and {A}aron {C}ulich and {B}rian {H}amlin and {R}yan {L}ovett },
  title     = { {B}{C}{E}: {B}erkeley's {C}ommon {S}cientific {C}ompute {E}nvironment for {R}esearch and {E}ducation },
  booktitle = { {P}roceedings of the 13th {P}ython in {S}cience {C}onference },
  pages     = { 5 - 12 },
  year      = { 2014 },
  editor    = { {S}t\'efan van der {W}alt and {J}ames {B}ergstra },
  doi       = { 10.25080/Majora-14bd3278-002 }
}
