
@InProceedings{ adi_sdg-proc-scipy-2021,
  author    = { {M}ark {T}horen and {C}ristina {S}uteu },
  title     = { {U}sing {P}ython for {A}nalysis and {V}erification of {M}ixed-mode {S}ignal {C}hains },
  booktitle = { {P}roceedings of the 20th {P}ython in {S}cience {C}onference },
  pages     = { 6 - 13 },
  year      = { 2021 },
  editor    = { {M}eghann {A}garwal and {C}hris {C}alloway and {D}illon {N}iederhut and {D}avid {S}hupe },
  doi       = { 10.25080/majora-1b6fd038-001 }
}
