@misc{footnote-1,
  title = {Converter Connectivity Tutorial},
  howpublished = {\url{https://wiki.analog.com/university/labs/software/iio_intro_toolbox}},
  note = {Accessed: 2021-07-01}
}

@misc{footnote-2,
  title = {Analog Devices Education Tools Repository},
  howpublished = {\url{https://doi.org/10.5281/zenodo.5105696}}
}

@article{footnote-3,
  author = {Pauli Virtanen and Ralf Gommers and others},
  title = {SciPy 1.0: Fundamental Algorithms for Scientific Computing in Python},
  journal = {Nature Methods},
  volume = {17},
  number = {3},
  pages = {261-272},
  year = {2020}
}

@misc{footnote-4,
  title = {LTspice Simulator},
  howpublished = {\url{https://www.analog.com/en/design-center/design-tools-and-calculators/ltspice-simulator.html}},
  note = {Accessed: 2021-07-01}
}

@book{footnote-5,
  author = {Steven W. Smith},
  title = {The Scientist \& Engineer's Guide to Digital Signal Processing},
  howpublished = {\url{https://www.analog.com/en/education/education-library/scientist_engineers_guide.html}},
  note = {Accessed: 2021-07-01}
}

@misc{footnote-6,
  author = {Ching Man},
  title = {Quantization Noise: An Expanded Derivation of the Equation, SNR = 6.02 N + 1.76},
  howpublished = {\url{https://www.analog.com/media/en/training-seminars/tutorials/MT-229.pdf}},
  note = {Accessed: 2021-07-01}
}

@misc{footnote-7,
  author = {Walt Kester},
  title = {Taking the Mystery out of the Infamous Formula, "SNR = 6.02N + 1.76dB"},
  year = {2009},
  howpublished = {\url{https://www.analog.com/media/en/training-seminars/tutorials/MT-001.pdf}},
  note = {Accessed: 2021-07-01}
}

@misc{footnote-8,
  title = {AD7124-8 Rev E},
  howpublished = {\url{https://www.analog.com/media/en/technical-documentation/data-sheets/ad7124-8.pdf}},
  note = {Accessed: 2021-07-01}
}

@article{footnote-9,
  author = {Charles R. Harris and K. Jarrod Millman and others},
  title = {Array programming with NumPy},
  journal = {Nature},
  volume = {585},
  pages = {357-362},
  year = {2020},
  doi = {10.1038/s41586-020-2649-2}
}

@misc{footnote-10,
  title = {pyadi-iio: Device Specific Python Interfaces For IIO Drivers},
  howpublished = {\url{https://wiki.analog.com/resources/tools-software/linux-software/pyadi-iio}},
  note = {Accessed: 2021-07-01}
}

@misc{footnote-11,
  title = {Scopy},
  howpublished = {\url{https://wiki.analog.com/university/tools/m2k/scopy}},
  note = {Accessed: 2021-07-01}
}

@misc{footnote-12,
  title = {What is Libm2k?},
  howpublished = {\url{https://wiki.analog.com/university/tools/m2k/libm2k/libm2k}},
  note = {Accessed: 2021-07-01}
}

@misc{footnote-13,
  title = {LTC2057/LTC2057HV High Voltage, Low Noise Zero-Drift Operational Amplifier},
  howpublished = {\url{https://www.analog.com/media/en/technical-documentation/data-sheets/2057f.pdf}},
  note = {Accessed: 2021-07-01}
}

@misc{footnote-14,
  author = {Walt Kester},
  title = {Oversampling Interpolating DACs},
  year = {2009},
  howpublished = {\url{https://www.analog.com/media/en/training-seminars/tutorials/MT-017.pdf}},
  note = {Accessed: 2021-07-01}
}

@misc{footnote-15,
  author = {Steve Ruscak and L. Singer},
  title = {Using Histogram Techniques to Measure ADC Noise},
  journal = {Analog Dialogue},
  volume = {29},
  month = {May},
  year = {1995},
  howpublished = {\url{https://www.analog.com/en/analog-dialogue/articles/histogram-techniques-measure-adc-noise.html}},
  note = {Accessed: 2021-07-01}
}
