@Proceedings{ proc-scipy-2012,
  title     = { Proceedings of the 11th Python in Science Conference },
  booktitle = { Proceedings of the 11th Python in Science Conference },
  year      = { 2012 },
  editor    = { Aron Ahmadia and Jarrod Millman and St\'efan van der Walt },
  isbn      = { value }
}
