
@InProceedings{ henderson-proc-scipy-2010,
  author    = { {S}ean {D}avis and {M}atthew {H}enderson and {A}ndrew {S}mith },
  title     = { {M}odeling {S}udoku {P}uzzles with {P}ython },
  booktitle = { {P}roceedings of the 9th {P}ython in {S}cience {C}onference },
  pages     = { 49 - 55 },
  year      = { 2010 },
  editor    = { {S}t\'efan van der {W}alt and {J}arrod {M}illman },
  doi       = { 10.25080/Majora-92bf1922-009 }
}
