
@InProceedings{ shujie_fan-proc-scipy-2019,
  author    = { {S}hujie {F}an and {M}ax {L}inke and {I}oannis {P}araskevakos and {R}ichard {J}. {G}owers and {M}ichael {G}echt and {O}liver {B}eckstein },
  title     = { {P}{M}{D}{A} - {P}arallel {M}olecular {D}ynamics {A}nalysis },
  booktitle = { {P}roceedings of the 18th {P}ython in {S}cience {C}onference },
  pages     = { 134 - 142 },
  year      = { 2019 },
  editor    = { {C}hris {C}alloway and {D}avid {L}ippa and {D}illon {N}iederhut and {D}avid {S}hupe },
  doi       = { 10.25080/Majora-7ddc1dd1-013 }
}
