@book{A00,
  title={Phylogeography: the history and formation of species},
  author={Avise, John C and others},
  year={2000},
  publisher={Harvard University Press},
  doi = "10.1093/icb/41.1.134",
}

@article{CPKGWBB21,
  title={Climate and the spread of COVID-19},
  author={Chen, Simiao and Prettner, Klaus and Kuhn, Michael and Geldsetzer, Pascal and Wang, Chen and B{\"a}rnighausen, Till and Bloom, David E},
  journal={Scientific Reports},
  volume={11},
  number={1},
  pages={1--6},
  year={2021},
  publisher={Nature Publishing Group},
  doi = "10.1038/s41598-021-87692-z",
}

@article{CRADD22,
  title={Features, evaluation, and treatment of coronavirus (COVID-19)},
  author={Cascella, Marco and Rajnik, Michael and Aleem, Abdul and Dulebohn, Scott C and Di Napoli, Raffaela},
  journal={Statpearls [internet]},
  year={2022},
  publisher={Statpearls publishing}
}


@article{KM02,
  title={Statistical phylogeography},
  author={Knowles, L Lacey and Maddison, Wayne P},
  journal={Molecular Ecology},
  volume={11},
  number={12},
  pages={2623--2635},
  year={2002},
  publisher={Citeseer},
  doi = "10.1146/annurev.ecolsys.38.091206.095702",
}

@article{LFZK06,
  title={Environmental factors on the SARS epidemic: air temperature, passage of time and multiplicative effect of hospital infection},
  author={Lin, Kun and Fong, Daniel Yee-Tak and Zhu, Biliu and Karlberg, Johan},
  journal={Epidemiology \& Infection},
  volume={134},
  number={2},
  pages={223--230},
  year={2006},
  publisher={Cambridge University Press},
  doi = "10.1017/S0950268805005054",
}

@article{N92,
  title={Rate of evolution of a quantitative character},
  author={Nagylaki, Thomas},
  journal={Proceedings of the National Academy of Sciences},
  volume={89},
  number={17},
  pages={8121--8124},
  year={1992},
  publisher={National Acad Sciences},
  doi = "10.1073/pnas.89.17.8121",
}

@article{OCFC20,
  title={Role of temperature and humidity in the modulation of the doubling time of COVID-19 cases},
  author={Oliveiros, Barbara and Caramelo, Liliana and Ferreira, Nuno C and Caramelo, Francisco},
  journal={MedRxiv},
  year={2020},
  publisher={Cold Spring Harbor Laboratory Press},
  doi = "10.1101/2020.03.05.20031872",
}

@article{OHPWBKU21,
  title={Tracking the international spread of SARS-CoV-2 lineages B. 1.1. 7 and B. 1.351/501Y-V2 with grinch},
  author={O'Toole, {\'A}ine and Hill, Verity and Pybus, Oliver G and Watts, Alexander and Bogoch, Issac I and Khan, Kamran and Messina, Jane P and COVID, The and UK, Genomics and others},
  journal={Wellcome open research},
  volume={6},
  year={2021},
  publisher={The Wellcome Trust},
  doi = "10.12688/wellcomeopenres.16661.2",
}

@article{OS98,
  title={Ecology and speciation},
  author={Orr, Matthew R and Smith, Thomas B},
  journal={Trends in Ecology \& Evolution},
  volume={13},
  number={12},
  pages={502--506},
  year={1998},
  publisher={Elsevier},
  doi = "10.1016/s0169-5347(98)01511-0",
}

@article{OSUJHMR21,
  title={Assignment of epidemiological lineages in an emerging pandemic using the pangolin tool},
  author={O’Toole, {\'A}ine and Scher, Emily and Underwood, Anthony and Jackson, Ben and Hill, Verity and McCrone, John T and Colquhoun, Rachel and Ruis, Chris and Abu-Dahab, Khalil and Taylor, Ben and others},
  journal={Virus Evolution},
  volume={7},
  number={2},
  pages={veab064},
  year={2021},
  publisher={Oxford University Press UK},
  doi = "10.1093/ve/veab064",
}


@article{RF81,
  title={Comparison of phylogenetic trees},
  author={Robinson, David F and Foulds, Leslie R},
  journal={Mathematical biosciences},
  volume={53},
  number={1-2},
  pages={131--147},
  year={1981},
  publisher={Elsevier},
  doi = "10.1016/0025-5564(81)90043-2",
}

@article{RHOHMRP20,
  title={A dynamic nomenclature proposal for SARS-CoV-2 lineages to assist genomic epidemiology},
  author={Rambaut, Andrew and Holmes, Edward C and O’Toole, {\'A}ine and Hill, Verity and McCrone, John T and Ruis, Christopher and du Plessis, Louis and Pybus, Oliver G},
  journal={Nature microbiology},
  volume={5},
  number={11},
  pages={1403--1407},
  year={2020},
  publisher={Nature Publishing Group},
  doi = "10.1038/s41564-020-0770-5",
}
 
 @article{S01,
  title={Ecology and the origin of species},
  author={Schluter, Dolph},
  journal={Trends in ecology \& evolution},
  volume={16},
  number={7},
  pages={372--380},
  year={2001},
  publisher={Elsevier},
  doi = "10.1016/s0169-5347(01)02198-x  ",
}

@article{SDPMS20,
  title={Association between climate variables and global transmission oF SARS-CoV-2},
  author={Sobral, Marcos Felipe Falc{\~a}o and Duarte, Gisleia Benini and da Penha Sobral, Ana Iza Gomes and Marinho, Marcelo Luiz Monteiro and de Souza Melo, Andr{\'e}},
  journal={Science of The Total Environment},
  volume={729},
  pages={138997},
  year={2020},
  publisher={Elsevier},
   doi = "10.1016/j.scitotenv.2020.138997",
}

@article{SMSKSGB22,
  title={SARS-CoV-2 phase I transmission and mutability linked to the interplay of climatic variables: a global observation on the pandemic spread},
  author={Sabarathinam, Chidambaram and Mohan Viswanathan, Prasanna and Senapathi, Venkatramanan and Karuppannan, Shankar and Samayamanthula, Dhanu Radha and Gopalakrishnan, Gnanachandrasamy and Alagappan, Ramanathan and Bhattacharya, Prosun},
  journal={Environmental Science and Pollution Research},
  pages={1--18},
  year={2022},
  publisher={Springer},
  doi = "10.1007/s11356-021-17481-8",
}


@article{E04,
  title={MUSCLE: a multiple sequence alignment method with reduced time and space complexity},
  author={Edgar, Robert C},
  journal={BMC bioinformatics},
  volume={5},
  number={1},
  pages={1--19},
  year={2004},
  publisher={BioMed Central},
  doi = "10.1186/1471-2105-5-113",
}


@book{F05,
  title={PHYLIP (Phylogeny Inference Package) version 3.6. Distributed by the author},
  author={Felsenstein, Joseph},
  year={2005},
  publisher={Department of Genome Sciences, University of Washington, Seattle}
}

@article{S14,
  title={RAxML version 8: a tool for phylogenetic analysis and post-analysis of large phylogenies},
  author={Stamatakis, Alexandros},
  journal={Bioinformatics},
  volume={30},
  number={9},
  pages={1312--1313},
  year={2014},
  publisher={Oxford University Press},
  doi = "10.1093/bioinformatics/btu033",
}


@misc{KLLT22,
    author    = {Li, Wanlin and Luu, My-Lin and Koshkarov, Aleksandr and Tahiri, Nadia},
    month     = {July},
    year      = {2022},
    title     = {{aPhylogeo (version 1.0)}},
    url       = {https://github.com/tahiri-lab/aPhylogeo},
    doi       = {doi.org/10.5281/zenodo.6773603},
}
