
@InProceedings{ ian_henriksen-proc-scipy-2015,
  author    = { {I}an {H}enriksen },
  title     = { {C}ircumventing {T}he {L}inker: {U}sing {S}ci{P}y's {B}{L}{A}{S} and {L}{A}{P}{A}{C}{K} {W}ithin {C}ython },
  booktitle = { {P}roceedings of the 14th {P}ython in {S}cience {C}onference },
  pages     = { 48 - 50 },
  year      = { 2015 },
  editor    = { {K}athryn {H}uff and {J}ames {B}ergstra },
  doi       = { 10.25080/Majora-7b98e3ed-008 }
}
