
@InProceedings{ aakash_prasad-proc-scipy-2012,
  author    = { {A}akash {P}rasad and {D}avid {H}oward and {S}hoaib {K}amil and {A}rmando {F}ox },
  title     = { {P}arallel {H}igh {P}erformance {B}ootstrapping in {P}ython },
  booktitle = { {P}roceedings of the 11th {P}ython in {S}cience {C}onference },
  pages     = { 1 - 5 },
  year      = { 2012 },
  editor    = { {A}ron {A}hmadia and {J}arrod {M}illman and {S}t\'efan van der {W}alt },
  doi       = { 10.25080/Majora-54c7f2c8-000 }
}
