
@InProceedings{ collis-proc-scipy-2014,
  author    = { {S}cott {C}ollis and {S}cott {G}iangrande and {J}onathan {H}elmus and {D}i {W}u and {A}nn {F}ridlind and {M}arcus van {L}ier-{W}alqui and {A}dam {T}heisen },
  title     = { {M}easuring rainshafts: {B}ringing {P}ython to bear on remote sensing data },
  booktitle = { {P}roceedings of the 13th {P}ython in {S}cience {C}onference },
  pages     = { 13 - 18 },
  year      = { 2014 },
  editor    = { {S}t\'efan van der {W}alt and {J}ames {B}ergstra },
  doi       = { 10.25080/Majora-14bd3278-003 }
}
