
@InProceedings{ uieda-proc-scipy-2013,
  author    = { {L}eonardo {U}ieda and {V}anderlei {C}. {O}liveira {J}r and {V}al\'eria {C}. {F}. {B}arbosa },
  title     = { {M}odeling the {E}arth with {F}atiando a {T}erra },
  booktitle = { {P}roceedings of the 12th {P}ython in {S}cience {C}onference },
  pages     = { 92 - 98 },
  year      = { 2013 },
  editor    = { {S}t\'efan van der {W}alt and {J}arrod {M}illman and {K}aty {H}uff },
  doi       = { 10.25080/Majora-8b375195-010 }
}
