
@InProceedings{ dewing-proc-scipy-2011,
  author    = { {M}ark {D}ewing },
  title     = { {C}onstructing scientific programs using {S}ym{P}y },
  booktitle = { {P}roceedings of the 10th {P}ython in {S}cience {C}onference },
  pages     = { 40 - 43 },
  year      = { 2011 },
  editor    = { {S}t\'efan van der {W}alt and {J}arrod {M}illman },
  doi       = { 10.25080/Majora-ebaa42b7-006 }
}
