
@Article{Alb16,
  author  = {D. Alberge},
  year    = "2016",
  title   = {Christopher Marlowe credited as one of Shakespeare's co-writers},
  journal = {The Guardian},
  url     = {https://www.theguardian.com/culture/2016/oct/23/christopher-marlowe-credited-as-one-of-shakespeares-co-writers},
  urldate = {2023-5-21}
}

@Article{nltk02,
  title={NLTK: The Natural Language Toolkit},
  author={Edward Loper and Steven Bird},
  year={2002},
  eprint={cs/0205028},
  archivePrefix={arXiv},
  primaryClass={cs.CL},
  doi = {https://doi.org/10.48550/arXiv.cs/0205028}
}

@Article{Ada1,
  author = {D. Adair},
  year = "1944",
  title = "The Authorship of the Disputed Federalist Papers",
  journal = {The William and Mary Quarterly},
  pages = "97-122",
  vol = "1(2)",
  note = {\url{https://doi.org/10.2307/1921883}},
}

@Article{Ada2,
  author = {D. Adair},
  title = "The Authorship of the Disputed Federalist Papers: Part II",
  journal = {The William and Mary Quarterly},
  vol = "1(3)",
  year = "1944",
  pages = "235â€“264",
  note = {\url{https://doi.org/10.2307/1923729}},
}

@Article{Luu17,
  author = "C. Luu",
  year = 2017,
  month = {August},
  day = 1,
  title = "Fighting Words With the Unabomber",
  journal = {JSTOR.org},
  url = {https://daily.jstor.org/fighting-words-unabomber/},
  urldate = {2023-5-21}
}


@Article{Mos63,
  author = "F. Mosteller and D. L. Wallace",
  year = "1963",
  title = "Inference in an Authorship Problem",
  journal = "Journal of the American Statistical Association",
  pages = "275-309",
  url = "https://www.jstor.org/stable/2283270?origin=JSTOR-pdf",
  note = {\url{https://doi.org/10.2307/2283270}},
}

@Article{Mos87,
  author = "F. Mosteller",
  year = "1987",
  title = {A Statistical Study of the Writing Styles of the Authors of "The Federalist" Papers},
  journal = "Proceedings of the American Philosophical Society",
  vol = "131, No. 2",
  url = "https://www.jstor.org/stable/986786"
}

@Book{Jur23,
  author = "D. Jurafsky and J. Martin",
  title = "Speech and Language Processing (Draft of 3rd Ed.)",
  year = "2023"
}

@Book{Foster,
  author = "D. Foster",
  title = "Author Unknown: On the Trail of Anonymous",
  publisher = {Henry Holt and Company},
  year = {2000},
  isbn={978-0805063578}
}


@misc{Fed1,
  author = "Alexander Hamilton and John Jay and James Madison",
  title = "The Project Gutenberg eBook of The Federalist Papers",
  year = 1988,
  howpublished = {Available at \url{https://www.gutenberg.org/cache/epub/1404/pg1404.txt}},
  note = "Last Accessed May 1, 2023"
}

@article{SKlearn,
  title={Scikit-learn: Machine Learning in Python},
  author={F. Pedregosa and others},
  journal={Journal of Machine Learning Research},
  volume={12},
  pages={2825--2830},
  year={2011}
}

@article{CNB,
  author="J.D. Rennie and L. Shih and J. Teevan and D.R. Karger",
  title = "Tackling the poor assumptions of naive bayes text classifiers",
  journal = "ICML",
  volume = {3},
  pages = {616--623},
  year = "2023"
}
