@Proceedings{ proc-scipy-2013,
  title     = { Proceedings of the 12th Python in Science Conference },
  booktitle = { Proceedings of the 12th Python in Science Conference },
  year      = { 2013 },
  editor    = { St\'efan van der Walt and Jarrod Millman and Katy Huff },
  isbn      = { noisbn }
}
