
@InProceedings{ mahzad_khoslessan-proc-scipy-2017,
  author    = { {M}ahzad {K}hoshlessan and {I}oannis {P}araskevakos and {S}hantenu {J}ha and {O}liver {B}eckstein },
  title     = { {P}arallel {A}nalysis in {M}{D}{A}nalysis using the {D}ask {P}arallel {C}omputing {L}ibrary },
  booktitle = { {P}roceedings of the 16th {P}ython in {S}cience {C}onference },
  pages     = { 64 - 72 },
  year      = { 2017 },
  editor    = { {K}aty {H}uff and {D}avid {L}ippa and {D}illon {N}iederhut and {M} {P}acer },
  doi       = { 10.25080/shinma-7f4c6e7-00a }
}
