
@InProceedings{ giancarlo_perrone-proc-scipy-2020,
  author    = { {G}iancarlo {P}errone and {J}ose {U}npingco and {H}aw-minn {L}u },
  title     = { {N}etwork visualizations with {P}yvis and {V}is{J}{S} },
  booktitle = { {P}roceedings of the 19th {P}ython in {S}cience {C}onference },
  pages     = { 58 - 62 },
  year      = { 2020 },
  editor    = { {M}eghann {A}garwal and {C}hris {C}alloway and {D}illon {N}iederhut and {D}avid {S}hupe },
  doi       = { 10.25080/Majora-342d178e-008 }
}
