@misc{pyvis,
  author = {{Giancarlo Perrone}},
  title = {PyVis Interactive network visualizations},
  url={https://pyvis.readthedocs.io/en/latest/},
  year = {2018},
}
@misc{visjs,
  author = {{vis.js community}},
  title = {vis.js},
  url={https://visjs.org},
  year= {2020},
}
@misc{jinja,
  author = {The Pallets Projects},
  title = {jinja},
  url = {https://jinja.palletsprojects.com/}
}
@misc{gthrones,
  author = {Andrew Beveridge},
  title = {Network of Thrones},
  url = {https://www.macalester.edu/~abeverid/thrones.html}
}
@InProceedings{networkx,
  author =       {Aric A. Hagberg and Daniel A. Schult and Pieter J. Swart},
  title =        {Exploring Network Structure, Dynamics, and Function using NetworkX},
  booktitle =   {Proceedings of the 7th Python in Science Conference},
  pages =     {11 - 15},
  address = {Pasadena, CA USA},
  year =      {2008},
  editor =    {Ga\"el Varoquaux and Travis Vaught and Jarrod Millman},
  doi = {10.25080/issn.2575-9752}
}
@misc{visjsphysics,
  author = {{vis.js community}},
  title = {Network - physics},
  url={https://visjs.github.io/vis-network/docs/network/physics.html},
  year= {2020},
}
@article{barneshut,
  title={A hierarchical O(N log N) force-calculation algorithm},
  author={J K Barnes and Piet Hut},
  journal={Nature},
  year={1986},
  volume={324},
  pages={446-449},
  doi={10.1038/324446a0}
}



