
@InProceedings{ 01_intro-proc-scipy-2013,
  author    = { {A}ndy {T}errel and {J}onathan {R}ocher },
  title     = { {P}reface },
  booktitle = { {P}roceedings of the 12th {P}ython in {S}cience {C}onference },
  pages     = { 1 - 1 },
  year      = { 2013 },
  editor    = { {S}t\'efan van der {W}alt and {J}arrod {M}illman and {K}aty {H}uff },
  doi       = { 10.25080/Majora-8b375195-000 }
}
