
@InProceedings{ tim_mattson-proc-scipy-2021,
  author    = { {T}odd {A}nderson and {T}im {M}attson },
  title     = { {M}ultithreaded parallel {P}ython through {O}pen{M}{P} support in {N}umba },
  booktitle = { {P}roceedings of the 20th {P}ython in {S}cience {C}onference },
  pages     = { 140 - 147 },
  year      = { 2021 },
  editor    = { {M}eghann {A}garwal and {C}hris {C}alloway and {D}illon {N}iederhut and {D}avid {S}hupe },
  doi       = { 10.25080/majora-1b6fd038-012 }
}
