
@InProceedings{ prabhu_ramachandran_pysph-proc-scipy-2016,
  author    = { {P}rabhu {R}amachandran },
  title     = { {P}y{S}{P}{H}: a reproducible and high-performance framework for smoothed particle hydrodynamics },
  booktitle = { {P}roceedings of the 15th {P}ython in {S}cience {C}onference },
  pages     = { 122 - 129 },
  year      = { 2016 },
  editor    = { {S}ebastian {B}enthall and {S}cott {R}ostrup },
  doi       = { 10.25080/Majora-629e541a-011 }
}
