@article{lucy77,
    AUTHOR = "L. B. Lucy",
    TITLE = "{A numerical approach to testing the fission hypothesis}",
    JOURNAL = "The Astronomical Journal",
    YEAR = 1977,
    VOLUME = 82,
    NUMBER = 12,
    PAGES = "1013--1024"
}

@article{monaghan77,
    AUTHOR = {R. A. Gingold and J. J. Monaghan},
    TITLE = {Smoothed particle hydrodynamics: Theory and
              application to non-spherical stars},
    JOURNAL = "Monthly Notices of the Royal Astronomical Society",
    YEAR  = "1977",
    VOLUME = 181,
    PAGES = "375--389"
}

@article{sph:fsf:monaghan-jcp94,
    author = {J. J. Monaghan},
    title = {Simulating Free Surface Flows with {SPH}},
    journal = {Journal of Computational Physics},
    year = 1994,
    volume = 110,
    pages = {399--406}
}

@article{sph-elastic:gray:2001,
author={J.P. Gray and J. J. Monaghan and R.P. Swift},
title={{SPH} elastic dynamics},
journal="{Computer Methods in Applied Mechanics and Engineering}",
year="2001",
volume="190",
pages="6641-6662",
}

@article{monaghan-review:2005,
        AUTHOR = {J. J. Monaghan},
        TITLE = "{Smoothed Particle Hydrodynamics}",
        JOURNAL = "{Reports on Progress in Physics}",
        YEAR =  "2005",
        VOLUME = "68",
        PAGES = "1703-1759"
}

@article{josephine-sph:cpc:2015,
title = "{JOSEPHINE}: A parallel \{SPH\} code for free-surface flows ",
journal = "Computer Physics Communications ",
volume = "183",
number = "7",
pages = "1468 - 1480",
year = "2012",
note = "",
issn = "0010-4655",
doi = "http://dx.doi.org/10.1016/j.cpc.2012.02.007",
author = "J.M. Cherfils and G. Pinon and E. Rivoalen",
}

@Misc{sphysics,
  author =    {SPHysics developers},
  title =     {SPHYSICS Home Page},
  url = {https://wiki.manchester.ac.uk/sphysics/index.php/SPHYSICS_Home_Page}
}

@Misc{dualsphysics,
  author = {DualSPHysics developers},
  title =     {DualSPHysics Home Page},
  url = {http://www.dual.sphysics.org/}
}

@InProceedings{ PR-pysph-scipy-2010,
  author    = { Prabhu Ramachandran and Chandrashekhar Kaushik },
  title     = { {PySPH}: A Python Framework for Smoothed Particle Hydrodynamics },
  booktitle = { Proceedings of the 9th Python in Science Conference },
  pages     = { 16 - 20 },
  year      = { 2010 },
  editor    = { St\'efan van der Walt and Jarrod Millman }
}



@Article{PR-edac-submit,
  author =       {Prabhu Ramachandran and Kunal Puri},
  title =        {Entropically Damped Artificial Compressibility for {SPH}},
  journal =      {Under review},
  year =         {2016},
  OPTkey =       {},
  OPTvolume =    {},
  OPTnumber =    {},
  OPTpages =     {},
  OPTmonth =     {},
  OPTnote =      {},
  OPTannote =    {}
}

@ARTICLE{ behnel2010cython,
    author={Behnel, S. and Bradshaw, R. and Citro, C. and Dalcin, L. and Seljebotn, D.S. and Smith, K.},
    journal={Computing in Science Engineering},
    title={Cython: The Best of Both Worlds},
    year={2011},
    month={March-April} ,
    volume={13},
    number={2},
    pages={31 -39},
    keywords={Cython language;Fortran code;Python language extension;numerical loops;programming language;C language;numerical analysis;},
    doi={10.1109/MCSE.2010.118},
    ISSN={1521-9615},
    url={http://www.cython.org}
}

@ARTICLE{gadget2-springel:mnras:2005,
    author = {Volker Springel},
    title = {The cosmological simulation code gadget-2},
    journal = {Monthly Notices of the Royal Astronomical Society},
    year = {2005},
    pages = {1105-1134},
    volume = {364}
}

@Article{py:nature:2015,
  author =       {Jefferey M. Perkel},
  title =        {Pickup {Python}},
  journal =      {Nature},
  year =         {2015},
  volume =    {518},
  pages =     {125--126},
  month =     {February},
}

@Misc{py:teaching-us,
  author = {Philip Guo},
  title = {Python is Now the Most Popular Introductory Teaching Language at Top U.S. Universit
ies},
  year = {2014},
  note = {\url{http://cacm.acm.org/blogs/blog-cacm/176450-python-is-now-the-most-popular-intro
ductory-teaching-language-at-top-us-universities/fulltext}}
}

@article{it:mayavi:cise:gael2011,
 author = {Ramachandran, Prabhu and Varoquaux, Ga\"{e}l},
  ee = {http://doi.ieeecomputersociety.org/10.1109/MCSE.2011.35},
  journal = {Computing in Science and Engineering},
  number = 2,
  pages = {40--51},
  title = {Mayavi: 3D Visualization of Scientific Data},
  volume = 13,
  year = 2011
}
