
@InProceedings{ devarajan-proc-scipy-2010,
  author    = { {K}adambari {D}evarajan and {M}aria {A}. {E}cheverry-{G}alvis and {R}ajmonda {S}ulo and {J}ennifer {K}. {P}eterson },
  title     = { {U}nusual {R}elationships: {P}ython and {W}eaver {B}irds },
  booktitle = { {P}roceedings of the 9th {P}ython in {S}cience {C}onference },
  pages     = { 31 - 35 },
  year      = { 2010 },
  editor    = { {S}t\'efan van der {W}alt and {J}arrod {M}illman },
  doi       = { 10.25080/Majora-92bf1922-005 }
}
