
@InProceedings{ saravanan-proc-scipy-2013,
  author    = { {R}amalingam {S}aravanan },
  title     = { {G}raph{T}erm: {A} notebook-like graphical terminal interface for collaboration and inline data visualization },
  booktitle = { {P}roceedings of the 12th {P}ython in {S}cience {C}onference },
  pages     = { 86 - 91 },
  year      = { 2013 },
  editor    = { {S}t\'efan van der {W}alt and {J}arrod {M}illman and {K}aty {H}uff },
  doi       = { 10.25080/Majora-8b375195-00f }
}
