
@InProceedings{ pydra-proc-scipy-2020,
  author    = { {D}orota {J}arecka and {M}athias {G}oncalves and {C}hristopher {J}. {M}arkiewicz and {O}scar {E}steban and {N}icole {L}o and {J}akub {K}aczmarzyk and {S}atrajit {G}hosh },
  title     = { {P}ydra - a flexible and lightweight dataflow engine for scientific analyses },
  booktitle = { {P}roceedings of the 19th {P}ython in {S}cience {C}onference },
  pages     = { 132 - 139 },
  year      = { 2020 },
  editor    = { {M}eghann {A}garwal and {C}hris {C}alloway and {D}illon {N}iederhut and {D}avid {S}hupe },
  doi       = { 10.25080/Majora-342d178e-012 }
}
