
@InProceedings{ mark_wickert-proc-scipy-2015,
  author    = { {M}ark {W}ickert },
  title     = { {S}ignal {P}rocessing and {C}ommunications: {T}eaching and {R}esearch {U}sing {I}{P}ython {N}otebook },
  booktitle = { {P}roceedings of the 14th {P}ython in {S}cience {C}onference },
  pages     = { 105 - 112 },
  year      = { 2015 },
  editor    = { {K}athryn {H}uff and {J}ames {B}ergstra },
  doi       = { 10.25080/Majora-7b98e3ed-010 }
}
