
@InProceedings{ fenner-proc-scipy-2013,
  author    = { {M}ark {E} {F}enner and {B}arbara {M}. {F}enner },
  title     = { {A}utomating {Q}uantitative {C}onfocal {M}icroscopy {A}nalysis },
  booktitle = { {P}roceedings of the 12th {P}ython in {S}cience {C}onference },
  pages     = { 32 - 37 },
  year      = { 2013 },
  editor    = { {S}t\'efan van der {W}alt and {J}arrod {M}illman and {K}aty {H}uff },
  doi       = { 10.25080/Majora-8b375195-006 }
}
