@book{ZiemerComm,
 author = {Ziemer, Rodger E. and Tranter, William H.},
 title = {Principles of Communications},
 year = {2008},
 isbn = {0470252545, 9780470252543},
 edition = {6th},
 publisher = {Wiley Publishing}
} 

@electronic{scikit,
author = {Wickert, Mark and Siddappa, Chiranth},
title = {Scikit DSP Comm},
url = {https://scikit-dsp-comm.readthedocs.io/en/latest/digitalcom.html}
}

@electronic{pynq,
author = {{Xilinx Inc.}},
title = {Python productivity for Zync (Pynq)},
url = {https://pynq.readthedocs.io/en/v2.3/}
}

@electronic{gps-helper,
author = {Wickert, Mark and Siddappa, Chiranth},
title = {GPS Helper},
url = {https://gps-helper.readthedocs.io/en/latest/?badge=latest}
}

@electronic{caf-verilog-pypi,
author = {Chiranth Siddappa},
 title = {caf-verilog},
 url = {https://pypi.org/project/caf-verilog/},
}

@electronic{tumbush-signed,
author = {Greg Tumbush},
title = {Signed Arithmetic in Verilog 2001 – Opportunities and Hazards},
url = {http://www.tumbush.com/published_papers/},
}

@electronic{codegen,
author = {{SymPy Development Team}},
title = {Codegen - SymPy documentation},
url = {https://docs.sympy.org/latest/modules/utilities/codegen.html}
}

@electronic{caf-verilog,
author = {Chiranth Siddappa},
title = {CAF Verilog},
url = {https://github.com/chiranthsiddappa/caf_verilog}
}

@electronic{bitfile,
author= {{Xilinx Inc.}},
title = {Running the Generate Programming File Process for FPGAs},
url = {https://www.xilinx.com/support/documentation/sw_manuals/xilinx11/ise_p_generate_fpga_programming_file.htm}
}

@misc{axi4,
author= {{Arm Limited}},
title = {AMBA AXI and ACE Protocol Specification Documentation},
url = {https://developer.arm.com/docs/ihi0022/latest},
 year = {2017}
}

@electronic{dds,
author = {Murphy, Eva and Slattery, Colm},
title = {Ask The Application Engineer—33: All About Direct Digital Synthesis},
url = {https://www.analog.com/en/analog-dialogue/articles/all-about-direct-digital-synthesis.html}
}

@ARTICLE{stein-orig, 
author={S. {Stein}}, 
journal={IEEE Transactions on Acoustics, Speech, and Signal Processing}, 
title={Algorithms for ambiguity function processing}, 
year={1981}, 
volume={29}, 
number={3}, 
pages={588-599}, 
keywords={Frequency estimation;Additive noise;Delay estimation;Delay effects;Motion estimation;Time measurement;Propagation delay;Testing;Receivers;Tuning}, 
doi={10.1109/TASSP.1981.1163621}, 
ISSN={0096-3518}, 
month={June},}

@ARTICLE{weiss-waves, 
author={L. G. {Weiss}}, 
journal={IEEE Signal Processing Magazine}, 
title={Wavelets and wideband correlation processing}, 
year={1994}, 
volume={11}, 
number={1}, 
pages={13-32}, 
keywords={wavelet transforms;correlation methods;signal processing;reviews;wideband correlation processing;nonorthogonal mother wavelets;continuous mother wavelets;continuous wavelet transform;narrowband processing;tutorial;convolution;deconvolution;Signal processing;Continuous wavelet transforms;Radar signal processing;Wavelet transforms;Ultra wideband radar;Spaceborne radar;Sonar;Frequency;Narrowband;Matched filters}, 
doi={10.1109/79.252866}, 
ISSN={1053-5888}, 
month={Jan},}

@electronic{adc16,
author={{Analog Devices}},
title={AD7903 Datasheet},
url={https://www.analog.com/en/products/ad7903.html},
}

@ARTICLE{knight-sonar, 
author={W. C. {Knight} and R. G. {Pridham} and S. M. {Kay}}, 
journal={Proceedings of the IEEE}, 
title={Digital signal processing for sonar}, 
year={1981}, 
volume={69}, 
number={11}, 
pages={1451-1506}, 
keywords={Digital signal processing;Sonar detection;Propagation losses;Frequency;Acoustic propagation;Acoustic noise;Active noise reduction;Sonar navigation;Sonar applications;Radar signal processing}, 
doi={10.1109/PROC.1981.12186}, 
ISSN={0018-9219}, 
month={Nov},}

@electronic{jupyter,
author={{Project Jupyter}},
title={Project Jupyter},
url={https://jupyter.org},
}

@electronic{digilent,
author={{Digilent Inc}},
title={PYNQ-Z1},
url={https://reference.digilentinc.com/reference/programmable-logic/pynq-z1/start},
}

@electronic{float2fixed,
author = {Finnerty, Ambrose and Ratigner, Herve},
title = {Reduce Power and Cost by Converting from Floating Point to Fixed Point},
url = {https://www.xilinx.com/support/documentation/white_papers/wp491-floating-to-fixed-point.pdf},
}

@electronic{jinja,
author = {Armin Ronacher},
title = {Jinja 2 (The Python Template Engine)},
url = {http://jinja.pocoo.org/}
}

@electronic{numpydev,
author={{NumPy Developers}},
title={NumPy},
url={http://www.numpy.org/},
}

@electronic{zipcpu,
author={Gissequalt Technologies},
title={Building a quarter sine-wave lookup table},
url={https://zipcpu.com/dsp/2017/08/26/quarterwave.html}
}

@electronic{axi-ref,
author={{Xilinx Inc.}},
title={AXI Reference Guide},
url={https://www.xilinx.com/support/documentation/ip_documentation/ug761_axi_reference_guide.pdf}
}

@electronic{axi-stream,
author = {{ARM Limited}},
title = {AMBA®
 4 AXI4-Stream Protocol},
 url = {http://arm.com},
 }
 
 @electronic{8bitdot,
 author = {Fu, Yao and Wu, Ephrem and Sirasao, Ashish},
 title = {8-Bit Dot-Product Acceleration},
 url = {http://xilinx.com}
 }
 
 @book{abacus,
 author = {Kwa Tak Ming},
 title = {The Fundamental Operations in Bead Arithmetic - How to Use the Chinese Abacus},
  year = {2013},
  publisher = {France Press},
 }
 
 @electronic{cordic,
 author = {{Xilinx Inc.}},
 title = {CORDIC v6.0},
 url = {https://www.xilinx.com/support/documentation/ip_documentation/cordic/v6_0/pg105-cordic.pdf},
 }
 
 @misc{gpsgov,
 author = {{ National Executive Committee for Space-Based Positioning, Navigation, and Timing }},
 title = {GPS.gov Technical Documentation},
 year = 2018,
 url = {https://www.gps.gov/technical/#prn}
 }

@misc{hartwellcaf,
  title = {Improved geo-spatial resolution using a modified approach to the complex ambiguity function (CAF)},
  author = {Hartwell,, Glenn, D.},
  year = {2005},
  URL = {https://calhoun.nps.edu/handle/10945/2033},
  publisher = {Calhoun}
}

@ARTICLE{verilogIEEE,
author={},
journal={IEEE Std 1364-2001},
title={IEEE Standard Verilog Hardware Description Language},
year={2001},
volume={},
number={},
pages={1-792},
keywords={IEEE Standards;Hardware design languages;Hardware;Patents;Task analysis;Force;computer;computer languages;digital systems;electronic systems;hardware;hard-ware description languages;hardware design;HDL;PLI;programming language interface;VerilogHDL;Verilog PLI;Verilog ®},
doi={10.1109/IEEESTD.2001.93352},
ISSN={},
month={Sep.},}

@misc{vivadodesignsteps,
author = {{Xilinx Inc.}},
title = {Vivado Design Suite User Guide: Design Flows Overview},
url = {https://www.xilinx.com/support/documentation/sw_manuals/xilinx2014_1/ug892-vivado-design-flows-overview.pdf},
year = {2014},
}

@book{Hennessy,
 author = {Hennessy, John L. and Patterson, David A.},
 title = {Computer Architecture, Sixth Edition: A Quantitative Approach},
 year = {2017},
 isbn = {0128119055, 9780128119051},
 edition = {6th},
 publisher = {Morgan Kaufmann Publishers Inc.},
 address = {San Francisco, CA, USA},
}