
@InProceedings{ chiranth_siddappa-proc-scipy-2019,
  author    = { {C}hiranth {S}iddappa and {M}ark {W}ickert },
  title     = { {C}{A}{F} {I}mplementation on {F}{P}{G}{A} {U}sing {P}ython {T}ools },
  booktitle = { {P}roceedings of the 18th {P}ython in {S}cience {C}onference },
  pages     = { 34 - 41 },
  year      = { 2019 },
  editor    = { {C}hris {C}alloway and {D}avid {L}ippa and {D}illon {N}iederhut and {D}avid {S}hupe },
  doi       = { 10.25080/Majora-7ddc1dd1-005 }
}
