
@InProceedings{ hack-proc-scipy-2010,
  author    = { {W}arren {J}. {H}ack and {P}erry {G}reenfield and {B}abak {S}aif and {B}ente {E}egholm },
  title     = { {U}sing {P}ython with {S}moke and {J}{W}{S}{T} {M}irrors },
  booktitle = { {P}roceedings of the 9th {P}ython in {S}cience {C}onference },
  pages     = { 45 - 48 },
  year      = { 2010 },
  editor    = { {S}t\'efan van der {W}alt and {J}arrod {M}illman },
  doi       = { 10.25080/Majora-92bf1922-008 }
}
