
@InProceedings{ 72_lu-proc-scipy-2020,
  author    = { {H}aw-minn {L}u and {A}drian {K}wong and {J}os\'e {U}npingco },
  title     = { {S}ecuring {Y}our {C}ollaborative {J}upyter {N}otebooks in the {C}loud using {C}ontainer and {L}oad {B}alancing {S}ervices },
  booktitle = { {P}roceedings of the 19th {P}ython in {S}cience {C}onference },
  pages     = { 2 - 10 },
  year      = { 2020 },
  editor    = { {M}eghann {A}garwal and {C}hris {C}alloway and {D}illon {N}iederhut and {D}avid {S}hupe },
  doi       = { 10.25080/Majora-342d178e-001 }
}
