@misc{z2k8s,
  author = {{Project Jupyter}},
  title = {Zero to JupyterHub with Kubernetes},
  url={https://zero-to-jupyterhub.readthedocs.io/en/latest/},
  year = {2020},
}
@misc{rstudio,
  author = {{RStudio}},
  title = {RStudio Server},
  url={https://github.com/rstudio/rstudio},
  year= {2020},
}
@misc{headless,
  author = {{ConSol Misc GmbH}},
  title = {Docker container images with "headless" VNC session},
  url = {https://github.com/ConSol/docker-headless-vnc-container},
  year = {2019}
}
@misc{novnc,
  author = {noVNC},
  title = {noVNC},
  url = {https://novnc.com/info.html},
  year= {2020}
}
@misc{tiger,
  author={TigerVNC},
  title={TigerVNC},
  url={https://tigervnc.org/},
  year={2020}
}
@misc{efs,
  author={Amazon Web Services},
  title={Data Encryption in EFS},
  url={https://docs.aws.amazon.com/efs/latest/ug/encryption.html},
  year={2020}
}
@misc{boundary,
  author={Amazon Web Services},
  title={Permissions Boundaries for IAM Entities},
  url={https://docs.aws.amazon.com/IAM/latest/UserGuide/access_policies_boundaries.html},
  year={2020}
}
@misc{aws:alb:logging,
  author={Amazon Web Services},
  title={Access Logs for Your Application Load Balancer},
  url={https://docs.aws.amazon.com/elasticloadbalancing/latest/application/load-balancer-access-logs.html},
  year={2020}
}

@misc{costa,
      title={Blocking EC2 Metadata service from Docker containers in AWS},
      url={https://ops.tips/blog/blocking-docker-containers-from-ec2-metadata/},
      journal={OpsTips},
      author={Ciro S. Costa},
      year={2018},
      month={Aug},
      day={29}
}
@misc{aws:ssm,
  author={Amazon Web Services},
  title={Working with SSM Agent},
  url={https://docs.aws.amazon.com/systems-manager/latest/userguide/ssm-agent.html},
  year={2020}
}

@misc{aws:ecs,
  author={Amazon Web Services},
  title={Amazon ECS-optimized AMIs},
  url={https://docs.aws.amazon.com/AmazonECS/latest/developerguide/ecs-optimized_AMI.html},
  year={2020}
}

@misc{k8s,
author={Andrew Martin},
title={11 Ways (Not) to Get Hacked},
url={https://kubernetes.io/blog/2018/07/18/11-ways-not-to-get-hacked/},
year={2018}
}