
@InProceedings{ brendt_wohlberg-proc-scipy-2017,
  author    = { {B}rendt {W}ohlberg },
  title     = { {S}{P}{O}{R}{C}{O}: {A} {P}ython package for standard and convolutional sparse representations },
  booktitle = { {P}roceedings of the 16th {P}ython in {S}cience {C}onference },
  pages     = { 1 - 8 },
  year      = { 2017 },
  editor    = { {K}aty {H}uff and {D}avid {L}ippa and {D}illon {N}iederhut and {M} {P}acer },
  doi       = { 10.25080/shinma-7f4c6e7-001 }
}
