@Article {alliney-1992-digital,
  author =	 {Alliney, Stefano},
  journal =	 {IEEE Transactions on Signal Processing},
  title =	 {Digital filters as absolute norm regularizers},
  year =	 1992,
  volume =	 40,
  number =	 6,
  pages =	 {1548--1562},
  doi =		 {10.1109/78.139258},
  month =	 Jun
}

@ARTICLE {beck-2009-fast,
  title =	 {A Fast Iterative Shrinkage-Thresholding Algorithm
                  for Linear Inverse Problems},
  author =	 {Beck, Amir and Teboulle, Marc},
  journal =	 {SIAM Journal on Imaging Sciences},
  year =	 2009,
  volume =	 2,
  number =	 1,
  pages =	 {183--202},
  doi =		 {10.1137/080716542},
  eprint =	 {http://epubs.siam.org/doi/pdf/10.1137/080716542},
}

@Article {boyd-2010-distributed,
  title =	 {Distributed optimization and statistical learning
                  via the alternating direction method of multipliers},
  author =	 {Boyd, Stephen and Parikh, Neal and Chu, Eric and
                  Peleato, Borja and Eckstein, Jonathan},
  journal =	 {Foundations and Trends in Machine Learning},
  year =	 2010,
  volume =	 3,
  number =	 1,
  pages =	 {1--122},
  doi =		 {10.1561/2200000016}
}

@INPROCEEDINGS {bristow-2013-fast,
  title =	 {Fast Convolutional Sparse Coding},
  author =	 {Bristow, Hilton and Eriksson, Anders and Lucey,
                  Simon},
  booktitle =	 {Proceedings of the IEEE Conference on Computer
                  Vision and Pattern Recognition (CVPR)},
  year =	 2013,
  month =	 jun,
  location =	 {Portland, OR, USA},
  doi =		 {10.1109/CVPR.2013.57},
  pages =	 {391--398},
}

@Article {cai-2010-singular,
  title =	 {A Singular Value Thresholding Algorithm for Matrix
                  Completion},
  author =	 {Cai, Jian-Feng and Cand{\`e}s, Emmanuel J. and Shen,
                  Zuowei},
  journal =	 {SIAM Journal on Optimization},
  year =	 2010,
  volume =	 20,
  number =	 4,
  pages =	 {1956--1982},
  doi =		 {10.1137/080738970}
}

@Article {chen-1998-atomic,
  title =	 {Atomic decomposition by basis pursuit},
  author =	 {Chen, Scott Shaobing and Donoho, David L.  and
                  Saunders, Michael A.},
  journal =	 {SIAM Journal on Scientific Computing},
  year =	 1998,
  volume =	 20,
  number =	 1,
  pages =	 {33--61},
  doi =		 {10.1137/S1064827596304010}
}

@InProceedings {garcia-2017-subproblem,
  author =	 {Cristina Garcia-Cardona and Brendt Wohlberg},
  booktitle =	 {Proceedings of IEEE International Conference on
                  Image Processing (ICIP)},
  title =	 {Subproblem Coupling in Convolutional Dictionary
                  Learning},
  year =	 2017,
  month =	 Sep,
  note =	 {Accepted for presentation}
}

@Article {golub-1979-generalized,
  title =	 {Generalized cross-validation as a method for
                  choosing a good ridge parameter},
  author =	 {Golub, Gene H. and Heath, Michael and Wahba, Grace},
  journal =	 {Technometrics},
  volume =	 21,
  number =	 2,
  pages =	 {215--223},
  month =	 May,
  year =	 1979,
  doi =		 {10.1080/00401706.1979.10489751}
}

@InProceedings {heide-2015-fast,
  title =	 {Fast and Flexible Convolutional Sparse Coding},
  author =	 {Heide, Felix and Heidrich, Wolfgang and Wetzstein,
                  Gordon},
  booktitle =	 {Proceedings of the IEEE Conference on Computer
                  Vision and Pattern Recognition (CVPR)},
  year =	 2015,
  pages =	 {5135--5143},
  doi =		 {10.1109/CVPR.2015.7299149},
}

@InProceedings {lewicki-1999-coding,
  title =	 {Coding Time-varying Signals Using Sparse,
                  Shift-invariant Representations},
  author =	 {Lewicki, Michael S.  and Sejnowski, Terrence J. },
  booktitle =	 {Advances in Neural Information Processing Systems},
  year =	 1999,
  volume =	 11,
  pages =	 {730--736},
}

@Article {mairal-2014-sparse,
  title =	 {Sparse Modeling for Image and Vision Processing},
  author =	 {Mairal, Julien and Bach, Francis and Ponce, Jean},
  journal =	 {Foundations and Trends in Computer Graphics and
                  Vision},
  year =	 2014,
  volume =	 8,
  number =	 {2-3},
  pages =	 {85--283},
  doi =		 {10.1561/0600000058}
}

@Article {rudin-1992-nonlinear,
  title =	 {Nonlinear total variation based noise removal
                  algorithms},
  journal =	 {Physica D: Nonlinear Phenomena},
  volume =	 60,
  number =	 {1--4},
  pages =	 {259-268},
  year =	 1992,
  doi =		 {10.1016/0167-2789(92)90242-F},
  author =	 {Leonid I. Rudin and Stanley Osher and Emad Fatemi}
}

@Article {stein-1981-estimation,
  title =	 {Estimation of the mean of a multivariate normal
                  distribution},
  author =	 {Stein, Charles M.},
  journal =	 {The Annals of Statistics},
  pages =	 {1135--1151},
  month =	 Nov,
  year =	 1981,
}

@InProceedings {wohlberg-2014-efficient,
  author =	 {Brendt Wohlberg},
  title =	 {Efficient Convolutional Sparse Coding},
  booktitle =	 {Proceedings of IEEE International Conference on
                  Acoustics, Speech, and Signal Processing (ICASSP)},
  year =	 2014,
  month =	 May,
  doi =		 {10.1109/ICASSP.2014.6854992},
  pages =	 {7173--7177},
  location =	 {Florence, Italy}
}

@Misc {wohlberg-2015-adaptive,
  author =	 {Brendt Wohlberg},
  title =	 {{ADMM} Penalty Parameter Selection by Residual
                  Balancing},
  year =	 2017,
  eprint =	 {1704.06209},
}

@InProceedings {wohlberg-2016-boundary,
  author =	 {Brendt Wohlberg},
  title =	 {Boundary Handling for Convolutional Sparse
                  Representations},
  booktitle =	 {Proceedings of IEEE International Conference on
                  Image Processing (ICIP)},
  year =	 2016,
  month =	 Sep,
  location =	 {Phoenix, AZ, USA},
  doi =		 {10.1109/ICIP.2016.7532675}
}

@InProceedings {wohlberg-2016-convolutional,
  author =	 {Brendt Wohlberg},
  title =	 {Convolutional Sparse Representation of Color Images},
  year =	 2016,
  month =	 Mar,
  booktitle =	 {Proceedings of the IEEE Southwest Symposium on Image
                  Analysis and Interpretation (SSIAI)},
  location =	 {Santa Fe, NM, USA},
  doi =		 {10.1109/SSIAI.2016.7459174},
  pages =	 {57--60}
}

@InProceedings {wohlberg-2016-convolutional2,
  author =	 {Brendt Wohlberg},
  title =	 {Convolutional Sparse Representations as an Image
                  Model for Impulse Noise Restoration},
  booktitle =	 {Proceedings of the IEEE Image, Video, and
                  Multidimensional Signal Processing Workshop (IVMSP)},
  year =	 2016,
  month =	 Jul,
  doi =		 {10.1109/IVMSPW.2016.7528229},
  location =	 {Bordeaux, France}
}

@Article {wohlberg-2016-efficient,
  author =	 {Brendt Wohlberg},
  title =	 {Efficient Algorithms for Convolutional Sparse
                  Representations},
  year =	 2016,
  month =	 Jan,
  journal =	 {IEEE Transactions on Image Processing},
  volume =	 25,
  number =	 1,
  doi =		 {10.1109/TIP.2015.2495260},
  pages =	 {301-315}
}

@Misc {wohlberg-2016-sporco,
  author =	 {Brendt Wohlberg},
  title =	 {{SP}arse {O}ptimization {R}esearch {CO}de
                  ({SPORCO})},
  howpublished = {Software library available from
                  \url{http://purl.org/brendt/software/sporco}},
  year =	 2016
}

@InProceedings {zeiler-2010-deconvolutional,
  title =	 {Deconvolutional networks},
  author =	 {Zeiler, Matthew D.  and Krishnan, Dilip and Taylor,
                  Graham W.  and Fergus, Rob},
  booktitle =	 {Proceedings of the IEEE Conference on Computer
                  Vision and Pattern Recognition (CVPR)},
  year =	 2010,
  month =	 Jun,
  pages =	 {2528--2535},
  doi =		 {10.1109/cvpr.2010.5539957}
}
