@Proceedings{ proc-scipy-2014,
  title     = { Proceedings of the 13th Python in Science Conference },
  booktitle = { Proceedings of the 13th Python in Science Conference },
  year      = { 2014 },
  editor    = { St\'efan van der Walt and James Bergstra },
  isbn      = { noisbn }
}
