
@InProceedings{ vamvourellis_corvellec-proc-scipy-2018,
  author    = { {K}onstantinos {V}amvourellis and {M}arianne {C}orvellec },
  title     = { {A} {B}ayesianâ€™s journey to a better research workflow },
  booktitle = { {P}roceedings of the 17th {P}ython in {S}cience {C}onference },
  pages     = { 137 - 144 },
  year      = { 2018 },
  editor    = { {F}atih {A}kici and {D}avid {L}ippa and {D}illon {N}iederhut and {M} {P}acer },
  doi       = { 10.25080/Majora-4af1f417-014 }
}
