@article{Rodrigues:2020syo,
    author = "Rodrigues, Eduardo and others",
    editor = "Doglioni, C. and Kim, D. and Stewart, G. A. and Silvestris, L. and Jackson, P. and Kamleh, W.",
    title = "{The Scikit HEP Project -- overview and prospects}",
    eprint = "2007.03577",
    archivePrefix = "arXiv",
    primaryClass = "physics.comp-ph",
    doi = "10.1051/epjconf/202024506028",
    journal = {EPJ Web of Conferences},
    volume = "245",
    pages = "06028",
    year = "2020"
}

@article{iminuit,
  author={Hans Dembinski and Piti Ongmongkolkul et al.},
  title={scikit-hep/iminuit},
  DOI={10.5281/zenodo.3949207},
  publisher={Zenodo},
  year={2020},
  month={Dec},
  url={https://doi.org/10.5281/zenodo.3949207}
}

@article{leiner2009brief,
  title={A brief history of the Internet},
  author={Leiner, Barry M and Cerf, Vinton G and Clark, David D and Kahn, Robert E and Kleinrock, Leonard and Lynch, Daniel C and Postel, Jon and Roberts, Larry G and Wolff, Stephen},
  journal={ACM SIGCOMM Computer Communication Review},
  volume={39},
  number={5},
  pages={22--31},
  year={2009},
  publisher={ACM New York, NY, USA}
}

@article{evans2008lhc,
  title={LHC machine},
  author={Evans, Lyndon and Bryant, Philip},
  journal={Journal of instrumentation},
  volume={3},
  number={08},
  pages={S08001},
  year={2008},
  publisher={IOP Publishing}
}

@inproceedings{peters2011exabyte,
  title={{Exabyte scale storage at CERN}},
  author={Peters, Andreas J and Janyst, Lukasz},
  booktitle={Journal of Physics: Conference Series},
  volume={331},
  number={5},
  pages={052015},
  year={2011},
  organization={IOP Publishing},
  doi={10.1088/1742-6596/331/5/052015}
}

@misc{templon_jeffrey_2022_6353621,
  author       = {Templon, Jeffrey},
  title        = {{Reflections on the uptake of the Python 
                   programming language in Nuclear and High-Energy
                   Physics}},
  month        = mar,
  year         = 2022,
  note         = {None},
  publisher    = {Zenodo},
  version      = 1,
  doi          = {10.5281/zenodo.6353621},
  url          = {https://doi.org/10.5281/zenodo.6353621}
}

@article{ifrim2022gpu,
  title={{GPU Accelerated Automatic Differentiation With Clad}},
  author={Ifrim, Ioana and Vassilev, Vassil and Lange, David J},
  journal={arXiv preprint arXiv:2203.06139},
  year={2022}
}

@inproceedings{pivarski2020awkward,
  title={Awkward arrays in python, c++, and numba},
  author={Pivarski, Jim and Elmer, Peter and Lange, David},
  booktitle={EPJ Web of Conferences},
  volume={245},
  pages={05023},
  year={2020},
  organization={EDP Sciences},
  doi={10.1051/epjconf/202024505023}
}

@inproceedings{rousselle2021fast,
  title={{Fast simulation of Time-of-Flight detectors at the LHC}},
  author={Rousselle, Olivier and Sykora, Tom},
  booktitle={EPJ Web of Conferences},
  volume={251},
  pages={03027},
  year={2021},
  organization={EDP Sciences},
  doi={10.1051/epjconf/202125103027}
}

@inproceedings{remenska2017giving,
  title={{Giving pandas ROOT to chew on: experiences with the XENON1T Dark Matter experiment}},
  author={Remenska, D and Tunnell, C and Aalbers, J and Verhoeven, S and Maassen, J and Templon, J},
  booktitle={Journal of Physics: Conference Series},
  volume={898},
  number={4},
  pages={042003},
  year={2017},
  organization={IOP Publishing}
}

@article{generowicz2004reflection,
      author        = "Lavrijsen, W and Generowicz, J and Marino, M and Mato, P",
      title         = "{Reflection-Based Python-C++ Bindings}",
      year          = "2005",
      url           = "https://cds.cern.ch/record/865620",
      doi           = "10.5170/CERN-2005-002.441",
}

@article{stephens2015big,
  title={Big data: astronomical or genomical?},
  author={Stephens, Zachary D and Lee, Skylar Y and Faghri, Faraz and Campbell, Roy H and Zhai, Chengxiang and Efron, Miles J and Iyer, Ravishankar and Schatz, Michael C and Sinha, Saurabh and Robinson, Gene E},
  journal={PLoS biology},
  volume={13},
  number={7},
  pages={e1002195},
  year={2015},
  publisher={Public Library of Science San Francisco, CA USA}
}

@article{galli2020new,
	author = {Galli, Massimiliano and Tejedor, Enric and Wunsch, Stefan},
	title = {"A New PyROOT: Modern, Interoperable and More Pythonic"},
	DOI= "10.1051/epjconf/202024506004",
	url= "https://doi.org/10.1051/epjconf/202024506004",
	journal = {EPJ Web Conf.},
	year = 2020,
	volume = 245,
	pages = "06004",
}

@article{LAMMEL199832,
    title = {Computing models of CDF and DÃ˜ in Run II},
    journal = {Computer Physics Communications},
    volume = {110},
    number = {1},
    pages = {32-37},
    year = {1998},
    issn = {0010-4655},
    doi = {10.1016/s0010-4655(97)00150-1},
    url = {https://www.sciencedirect.com/science/article/pii/S0010465597001501},
    author = {Stephan Lammel}
}
