
@InProceedings{ david_nicholson-proc-scipy-2016,
  author    = { {D}avid {N}icholson },
  title     = { {C}omparison of machine learning methods applied to birdsong element classification },
  booktitle = { {P}roceedings of the 15th {P}ython in {S}cience {C}onference },
  pages     = { 57 - 61 },
  year      = { 2016 },
  editor    = { {S}ebastian {B}enthall and {S}cott {R}ostrup },
  doi       = { 10.25080/Majora-629e541a-008 }
}
