
@InProceedings{ lm_cognitive-proc-scipy-2021,
  author    = { {A}manda {E}. {K}raft and {M}atthew {W}idjaja and {T}revor {M}. {S}ands and {B}rad {J}. {G}alego },
  title     = { {P}rogrammatically {I}dentifying {C}ognitive {B}iases {P}resent in {S}oftware {D}evelopment },
  booktitle = { {P}roceedings of the 20th {P}ython in {S}cience {C}onference },
  pages     = { 94 - 100 },
  year      = { 2021 },
  editor    = { {M}eghann {A}garwal and {C}hris {C}alloway and {D}illon {N}iederhut and {D}avid {S}hupe },
  doi       = { 10.25080/majora-1b6fd038-00c }
}
