
@article{Veda,
	title = {VEDA: A web-based virtual environment for dynamic atomic force microscopy},
	volume = {79},
	doi = "10.1063/1.2938864",
	journal = {Review of Scientific Instruments},
	author = {Melcher, John and Hu, Shuiqing and Raman, Arvind},
	year = {2008},
	pages = {061301},
}

@article{dForce,
  title={Dynamic force microscopy simulator (dForce): A tool for planning and understanding tapping and bimodal AFM experiments},
  volume = {6},
  doi = "10.3762/bjnano.6.36",
  author={Guzman, Horacio V. and Garcia, Pablo D. and Garcia, Ricardo},
  journal={Beilstein Journal of Nanotechnology},
  year={2015},
  pages = {369-379},

}

@article{Sader,
  title={Frequency response of cantilever beams immersed in viscous fluids near a solid surface with applications to the atomic force microscope},
  volume = {98},
  doi = "10.1063/1.2136418",
  author={Green, Christopher P. and Sader, John E.},
  journal={Journal of Applied Physics},
  year={2005},
  pages = {114913},

}

@article{Sader2,
  title={Frequency response of cantilever beams immersed in viscous fluids with applications to the atomic force microscope},
  volume = {84},
  doi = "10.1063/1.368002",
  author={Sader, John E.},
  journal={Journal of Applied Physics},
  year={1998},
  pages = {64--76},

}

@article{f2py,
  title={SciPy 1.0: fundamental algorithms for scientific computing in {P}ython},
  volume = {17},
  doi = "10.1038/s41592-019-0686-2",
  author={Virtanen, Pauli and et al.},
  journal={Nature Methods},
  year={2020},
  pages = {261--272},

}

@article{GarciaRev2021,
  title = {Nanomechanical mapping of soft materials with the atomic force microscope: methods, theory and applications},
  author = {Garcia, Ricardo},
  journal = {The Royal Society of Chemistry},
  volume = {49},
  pages = {5850--5884},
  year = {2020},
  doi = {10.1039/d0cs00318b},

}

@article{GuzmanScalingBJON2015,
  title={Scaling law to determine peak forces in tapping-mode AFM experiments on finite elastic soft matter systems},
  volume = {8},
  doi = "10.3762/bjnano.8.98",
  author={Guzman, Horacio V. },
  journal={Beilstein Journal of Nanotechnology},
  year={2017},
  pages = {968--974},

}

@article{Modul1,
  title={Facile and Large-Scale Fabrication of Anisometric Particles from Fibers Synthesized by Colloid Electrospinning},
  volume = {8},
  doi = "10.1002/smll.201101247",
  author={Friedemann, Kathrin and Corrales, Tomas and Kappl, Michael and Landfester, Katharina and Crespy, Daniel},
  journal={Small},
  year={2012},
  pages = {144--153},

}

@article{Modul2,
  title={Stress-strain behavior of individual electrospun polymer fibers using combination AFM and SEM},
  volume = {1185},
  doi = "10.1557/PROC-1185-II07-10",
  author={Hang, Fei and Lu, Dun and Li, Shuang Wu and Barber, Asa H.},
  journal={Materials Research Society},
  year={2009},
  pages = {1185-II07-10},

}

@article{GuzmanScalingBJON2013,
  title={Peak forces and lateral resolution in amplitude modulation force microscopy in liquid},
  volume = {4},
  doi = "10.3762/bjnano.4.96",
  author={Guzman, Horacio V. and Garcia, Ricardo},
  journal={Beilstein Journal of Nanotechnology},
  year={2013},
  pages = {852--859},

}


@article{GuzmanACSnano2013,
  title={Peak Forces in High-Resolution Imaging of Soft Matter in Liquid},
  volume = {7},
  doi = "10.1021/nn4012835",
  author={Guzman, Horacio V. and Perrino, Alma P. and Garcia, Ricardo},
  journal={ACS Nano},
  year={2013},
  pages = {3198--3204},

}

@article{GuzmanCPC2019,
  title={ESPResSo++ 2.0: Advanced methods for multiscale molecular simulation},
  volume = {238},
  doi = "10.1016/j.cpc.2018.12.017",
  author={Guzman, Horacio V.  and Tretyakov, Nikita  and Kobayashi, Hideki  and Fogarty, Aoife C. and Kreis, Karsten and Krajniak, Jakub and Junghans, Christoph and Kremer, Kurt and Stuehn, Torsten},
  journal={Computer Physics Communications},
  year={2019},
  pages = {66--76},
}


@InProceedings{compyleScipy2019,
  author    = {Prabhu Ramachandran},
  title     = {Compyle: a {P}ython package for parallel computing},
  booktitle = { {P}roceedings of the 19th {P}ython in {S}cience {C}onference },
  doi = "10.25080/majora-342d178e-005",
  pages     = { 32 - 39 },
  year      = { 2020 },
  editor    = { {M}eghann {A}garwal and {C}hris {C}alloway and {D}illon {N}iederhut and {D}avid {S}hupe }
}

%%%%%%%%%%%%%%%%%%%%%%%%%%%%%%%%%%%%%%%%%%%%%%%%%%%%%%%%%%%%%%%%%%%%%%%%%%%%%%%%%%%%%%%%%%%

@techreport{blelloch90,
	author = "Guy~E. Blelloch",
	title = "Prefix Sums and Their Applications",
	institution = "School of Computer Science, Carnegie Mellon University",
	number = "CMU-CS-90-190",
	month = {November},
	year = {1990} }



@article{copperhead2011,
	title = {Copperhead: compiling an embedded data parallel language},
	volume = {46},
	issn = {0362-1340},
	shorttitle = {Copperhead},
	url = {https://doi.org/10.1145/2038037.1941562},
	doi = {10.1145/2038037.1941562},
	number = {8},
	urldate = {2020-06-05},
	journal = {ACM SIGPLAN Notices},
	author = {Catanzaro, Bryan and Garland, Michael and Keutzer, Kurt},
	month = feb,
	year = {2011},
	keywords = {data parallelism, gpu, python},
	pages = {47--56},
}
