
@InProceedings{ aldcroft-proc-scipy-2010,
  author    = { {T}om {A}ldcroft },
  title     = { {K}eeping the {C}handra {S}atellite {C}ool with {P}ython },
  booktitle = { {P}roceedings of the 9th {P}ython in {S}cience {C}onference },
  pages     = { 1 - 5 },
  year      = { 2010 },
  editor    = { {S}t\'efan van der {W}alt and {J}arrod {M}illman },
  doi       = { 10.25080/Majora-92bf1922-000 }
}
