
@InProceedings{ oney_erge-proc-scipy-2020,
  author    = { {O}ney {E}rge and {E}ric van {O}ort },
  title     = { {C}ombining {P}hysics-{B}ased and {D}ata-{D}riven {M}odeling for {P}ressure {P}rediction in {W}ell {C}onstruction },
  booktitle = { {P}roceedings of the 19th {P}ython in {S}cience {C}onference },
  pages     = { 125 - 131 },
  year      = { 2020 },
  editor    = { {M}eghann {A}garwal and {C}hris {C}alloway and {D}illon {N}iederhut and {D}avid {S}hupe },
  doi       = { 10.25080/Majora-342d178e-011 }
}
