@Book{hume48,
  author =  "David Hume",
  year =    "1748",
  title =   "An enquiry concerning human understanding",
  address =     "Indianapolis, IN",
  publisher =   "Hackett",
  doi = "10.1017/CBO9780511808432",
}

@Book{aadnoy2009advanced,
  title= "Advanced drilling and well technology",
  author= "Aadnoy, Bernt and Cooper, Iain and Miska, Stefan and Mitchell, Robert F and Payne, Michael L",
  year= "2009",
  publisher= "SPE Houston, TX",
  isbn = {1555633390},
}

@article{bourgoyne1991applied,
  title={Applied drilling engineering},
  author={Bourgoyne Jr, Adam T and Millheim, Keith K and Chenevert, Martin E and Young Jr, Farrile S},
  year={1991},
  publisher={Richardson, TX (United States); Society of Petroleum Engineers},
  isbn = {1-61399-159-2},
}

@article{erge2015effects,
  title={The effects of drillstring-eccentricity,-rotation, and-buckling configurations on annular frictional pressure losses while circulating Yield-Power-Law fluids},
  author={Erge, Oney and Ozbayoglu, Evren Mehmet and Miska, Stefan and Yu, Mengjiao and Takach, Nicholas and Saasen, Arild and May, Roland and others},
  journal={SPE Drilling \& Completion},
  volume={30},
  number={03},
  pages={257--271},
  year={2015},
  publisher={Society of Petroleum Engineers},
  doi = {10.2118/167950-pa},
  url = {https://doi.org/10.2118%2F167950-pa},
}

@article{hemphill1993yield,
  title={Yield-power law model more accurately predicts mud rheology},
  author={Hemphill, Terry and Campos, Wellington and Pilehvari, Ali},
  volume={91},
  number={34},
  year={1993},
  doi = {},
  journal = {Oil and Gas Journal; (United States)},
  issn = {0030-1388},
}

@article{herschel1926konsistenzmessungen,
  title={Konsistenzmessungen von gummi-benzoll{\"o}sungen},
  author={Herschel, Winslow H and Bulkley, Ronald},
  journal={Kolloid-Zeitschrift},
  volume={39},
  number={4},
  pages={291--300},
  year={1926},
  publisher={Springer},
  doi = {https://doi.org/10.1007/BF01432034},
}

@book{mitchell2011fundamentals,
  title={Fundamentals of drilling engineering},
  author={Mitchell, Rober and Miska, Stefan and others},
  year={2011},
  publisher={Society of Petroleum Engineers},
  isbn={1-55563-338-2},
}

@inproceedings{an2013options,
  title={Options for Prognostics Methods: A review of data-driven and physics-based prognostics},
  author={An, Dawn and Choi, Joo Ho and Kim, Nam Ho},
  booktitle={54th AIAA/ASME/ASCE/AHS/ASC Structures, Structural Dynamics, and Materials Conference},
  pages={1940},
  year={2013},
  doi={10.2514/6.2013-1940},
}

@article{duraisamy2019turbulence,
  title={Turbulence modeling in the age of data},
  author={Duraisamy, Karthik and Iaccarino, Gianluca and Xiao, Heng},
  journal={Annual Review of Fluid Mechanics},
  volume={51},
  pages={357--377},
  year={2019},
  publisher={Annual Reviews},
  doi={10.1146/annurev-fluid-010518-040547},
}

@article{gavrishchaka2019synergy,
  title={Synergy of physics-based reasoning and machine learning in biomedical applications: towards unlimited deep learning with limited data},
  author={Gavrishchaka, Valeriy and Senyukova, Olga and Koepke, Mark},
  journal={Advances in Physics: X},
  volume={4},
  number={1},
  pages={1582361},
  year={2019},
  publisher={Taylor \& Francis},
  issn = {2374-6149},
  doi={10.1080/23746149.2019.1582361},
}

@inproceedings{pulpeiro2019modeling,
  title={Modeling the Gas Exchange Processes of a Modern Diesel Engine With an Integrated Physics-Based and Data-Driven Approach},
  author={Pulpeiro Gonzalez, Jorge and Ankobea-Ansah, King and Escuder Milian, Elena and Hall, Carrie M},
  booktitle={Dynamic Systems and Control Conference},
  volume={59155},
  pages={V002T11A004},
  year={2019},
  organization={American Society of Mechanical Engineers},
  doi = {10.1115/DSCC2019-9226},
  url = {https://doi.org/10.1115/DSCC2019-9226},
  eprint = {https://asmedigitalcollection.asme.org/DSCC/proceedings-pdf/DSCC2019/59155/V002T11A004/6455484/v002t11a004-dscc2019-9226.pdf},
}

@article{karpatne2017physics,
  title={Physics-guided neural networks (pgnn): An application in lake temperature modeling},
  author={Karpatne, Anuj and Watkins, William and Read, Jordan and Kumar, Vipin},
  journal={arXiv preprint arXiv:1710.11431},
  year={2017},
  eprint={1710.11431},
  archivePrefix={arXiv},
  primaryClass={cs.LG}
}

@article{kloss2017combining,
  title={Combining learned and analytical models for predicting action effects},
  author={Kloss, Alina and Schaal, Stefan and Bohg, Jeannette},
  journal={arXiv preprint arXiv:1710.04102},
  year={2017},
  eprint={1710.04102},
  archivePrefix={arXiv},
  primaryClass={cs.RO}
}

@article{marino2019combining,
  title={Combining Physics-Based Domain Knowledge and Machine Learning using Variational Gaussian Processes with Explicit Linear Prior},
  author={Marino, Daniel L and Manic, Milos},
  journal={arXiv preprint arXiv:1906.02160},
  year={2019},
  eprint={1906.02160},
  archivePrefix={arXiv},
  primaryClass={cs.LG}
}

@article{rahman2018hybrid,
  title={A hybrid analytics paradigm combining physics-based modeling and data-driven modeling to accelerate incompressible flow solvers},
  author={Rahman, Sk and Rasheed, Adil and San, Omer and others},
  journal={Fluids},
  volume={3},
  number={3},
  pages={50},
  year={2018},
  publisher={Multidisciplinary Digital Publishing Institute},
  doi={10.3390/fluids3030050},
}

@inproceedings{kaneko2018combining,
  title={Combining Physics-Based and Data-Driven Models for Estimation of WOB During Ultra-Deep Ocean Drilling},
  author={Kaneko, Tatsuya and Wada, Ryota and Ozaki, Masahiko and Inoue, Tomoya},
  booktitle={ASME 2018 37th International Conference on Ocean, Offshore and Arctic Engineering},
  year={2018},
  organization={American Society of Mechanical Engineers Digital Collection},
  doi={https://doi.org/10.1115/OMAE2018-78229}
}

@book{haykin1994neural,
  title={Neural networks: a comprehensive foundation},
  author={Haykin, Simon},
  year={1994},
  publisher={Prentice Hall PTR},
  isbn={0023527617},
}

@incollection{paszke2019pytorch,
title = {PyTorch: An Imperative Style, High-Performance Deep Learning Library},
author = {Paszke, Adam and Gross, Sam and Massa, Francisco and Lerer, Adam and Bradbury, James and Chanan, Gregory and Killeen, Trevor and Lin, Zeming and Gimelshein, Natalia and Antiga, Luca and Desmaison, Alban and Kopf, Andreas and Yang, Edward and DeVito, Zachary and Raison, Martin and Tejani, Alykhan and Chilamkurthy, Sasank and Steiner, Benoit and Fang, Lu and Bai, Junjie and Chintala, Soumith},
booktitle = {Advances in Neural Information Processing Systems 32},
editor = {H. Wallach and H. Larochelle and A. Beygelzimer and F. d\textquotesingle Alch\'{e}-Buc and E. Fox and R. Garnett},
pages = {8024--8035},
year = {2019},
publisher = {Curran Associates, Inc.},
url = {http://papers.neurips.cc/paper/9015-pytorch-an-imperative-style-high-performance-deep-learning-library.pdf}
}


@misc{charlesmuch,
  title={How much information? 2003?(2004)},
  author={Charles, Peter and Good, Nathan and Jordan, Laheem Lahmar and Lyman, P and Varian, HR and Pal, J}
}


@book{rasmussen2003gaussian,
author = {Rasmussen, Carl Edward.},
address = {Cambridge, Mass},
booktitle = {Gaussian processes for machine learning},
isbn = {0-262-26107-3},
keywords = {Gaussian processes -- Data processing},
language = {eng},
lccn = {2005053433},
publisher = {MIT Press},
series = {Adaptive computation and machine learning},
title = {Gaussian processes for machine learning},
}


@InProceedings{ mckinney2010data,
  author    = { {W}es {M}c{K}inney },
  title     = { {D}ata {S}tructures for {S}tatistical {C}omputing in {P}ython },
  booktitle = { {P}roceedings of the 9th {P}ython in {S}cience {C}onference },
  pages     = { 56 - 61 },
  year      = { 2010 },
  editor    = { {S}t\'efan van der {W}alt and {J}arrod {M}illman },
  doi       = { 10.25080/Majora-92bf1922-00a }
}

@inproceedings{lam2015numba,
  author = {Lam, Siu Kwan and Pitrou, Antoine and Seibert, Stanley},
  title = {Numba: A LLVM-Based Python JIT Compiler},
  year = {2015},
  isbn = {9781450340052},
  publisher = {Association for Computing Machinery},
  address = {New York, NY, USA},
  url = {https://doi.org/10.1145/2833157.2833162},
  doi = {10.1145/2833157.2833162},
  booktitle = {Proceedings of the Second Workshop on the LLVM Compiler Infrastructure in HPC},
  articleno = {7},
  numpages = {6},
  keywords = {compiler, Python, LLVM},
  location = {Austin, Texas},
  series = {LLVM â€™15}
}

@article{ozbayoglu2018predicting,
  title={Predicting the pressure losses while the drillstring is buckled and rotating using artificial intelligence methods},
  author={Ozbayoglu, Evren M and Erge, Oney and Ozbayoglu, Murat A},
  journal={Journal of Natural Gas Science and Engineering},
  volume={56},
  pages={72--80},
  year={2018},
  publisher={Elsevier},
  issn = "1875-5100",
  doi = "https://doi.org/10.1016/j.jngse.2018.05.028",
  url = "http://www.sciencedirect.com/science/article/pii/S1875510018302282",
}

@article{pedregosa2011scikit,
  title={Scikit-learn: Machine learning in Python},
  author={Pedregosa, Fabian and Varoquaux, Ga{\"e}l and Gramfort, Alexandre and Michel, Vincent and Thirion, Bertrand and Grisel, 
vier and Blondel, Mathieu and Prettenhofer, Peter and Weiss, Ron and Dubourg, Vincent and others},
  journal={the Journal of machine Learning research},
  volume={12},
  pages={2825--2830},
  year={2011},
  publisher = {JMLR.org},
  issn = {1532-4435},
  numpages = {6}
}

@article{schreiber2017pomegranate,
  title={Pomegranate: fast and flexible probabilistic modeling in python},
  author={Schreiber, Jacob},
  journal={The Journal of Machine Learning Research},
  volume={18},
  number={1},
  pages={5992--5997},
  year={2017},
  publisher={JMLR. org},
  issn = {1532-4435},
}

@article{oliphant2013python,
  title = {Python for Scientific Computing},
  author={Oliphant, Travis},
  year = {2007},
  publisher = {IEEE Educational Activities Department},
  address = {USA},
  volume = {9},
  number = {3},
  issn = {1521-9615},
  url = {https://doi.org/10.1109/MCSE.2007.58},
  doi = {10.1109/MCSE.2007.58},
  journal = {Computing in Science and Engg.},
  pages = {10â€“20},
  numpages = {11},
  keywords = {scientific computing, Python, scientific programming, computer languages}
}

@inbook { kleene1951representation,
      author = "S. C. Kleene",
      title = "Representation of Events in Nerve Nets and Finite Automata",
      booktitle = "Automata Studies. (AM-34)",
      year = "1956",
      publisher = "Princeton University Press",
      address = "Princeton",
      doi = "https://doi.org/10.1515/9781400882618-002",
      pages=      "3 - 42",
      url = "https://princetonup.degruyter.com/view/book/9781400882618/10.1515/9781400882618-002.xml"
}

@article{kingma2014adam,
  title={Adam: A method for stochastic optimization},
  author={Kingma, Diederik P and Ba, Jimmy},
  journal={arXiv preprint arXiv:1412.6980},
  year={2014},
  eprint={1412.6980},
  archivePrefix={arXiv},
  primaryClass={cs.LG}
}

@ARTICLE{5725236,
  author={S. {van der Walt} and S. C. {Colbert} and G. {Varoquaux}},
  journal={Computing in Science   Engineering}, 
  title={The NumPy Array: A Structure for Efficient Numerical Computation}, 
  year={2011},
  volume={13},
  number={2},
  pages={22-30},
  doi = {10.1109/MCSE.2011.37},
  }

@book{oliphant2006guide,
  title={A guide to NumPy},
  author={Oliphant, Travis E},
  volume={1},
  year={2006},
  publisher={Trelgol Publishing USA}
}

@article{viterbi1967error,
  title={Error bounds for convolutional codes and an asymptotically optimum decoding algorithm},
  author={Viterbi, Andrew},
  journal={IEEE transactions on Information Theory},
  volume={13},
  number={2},
  pages={260--269},
  year={1967},
  publisher={IEEE},
  doi={10.1109/TIT.1967.1054010}
}

@article{hunter2007matplotlib,
  title={Matplotlib: A 2D graphics environment},
  author={Hunter, John D},
  journal={Computing in science \& engineering},
  volume={9},
  number={3},
  pages={90--95},
  year={2007},
  publisher={IEEE Computer Society},
  doi={10.1109/MCSE.2007.55}
}

@article{millman2011python,
  title={Python for scientists and engineers},
  author={Millman, K Jarrod and Aivazis, Michael},
  journal={Computing in Science \& Engineering},
  volume={13},
  number={2},
  pages={9--12},
  year={2011},
  publisher={IEEE},
  doi={10.1109/MCSE.2011.36}
}

@ARTICLE{2020SciPy-NMeth,
       author = {{Virtanen}, Pauli and {Gommers}, Ralf and {Oliphant},
         Travis E. and {Haberland}, Matt and {Reddy}, Tyler and
         {Cournapeau}, David and {Burovski}, Evgeni and {Peterson}, Pearu
         and {Weckesser}, Warren and {Bright}, Jonathan and {van der Walt},
         St{\'e}fan J.  and {Brett}, Matthew and {Wilson}, Joshua and
         {Jarrod Millman}, K.  and {Mayorov}, Nikolay and {Nelson}, Andrew
         R.~J. and {Jones}, Eric and {Kern}, Robert and {Larson}, Eric and
         {Carey}, CJ and {Polat}, {\.I}lhan and {Feng}, Yu and {Moore},
         Eric W. and {Vand erPlas}, Jake and {Laxalde}, Denis and
         {Perktold}, Josef and {Cimrman}, Robert and {Henriksen}, Ian and
         {Quintero}, E.~A. and {Harris}, Charles R and {Archibald}, Anne M.
         and {Ribeiro}, Ant{\^o}nio H. and {Pedregosa}, Fabian and
         {van Mulbregt}, Paul and {Contributors}, SciPy 1. 0},
        title = "{SciPy 1.0: Fundamental Algorithms for Scientific
                  Computing in Python}",
      journal = {Nature Methods},
      year = "2020",
      volume={17},
      pages={261--272},
      adsurl = {https://rdcu.be/b08Wh},
      doi = {https://doi.org/10.1038/s41592-019-0686-2},
}


@misc{visdom,
  title = {visdom},
  howpublished = {\url{https://github.com/facebookresearch/visdom}},
  note = {Accessed: 2020-05-13}
}

@inproceedings{hamzah2019automated,
  title={Automated Drilling Narratives: A Scalable Workflow to Measure the Effectiveness of Drilling Procedures},
  author={Hamzah, Mohammad and Erge, Oney and Chambon, Sylvain and others},
  booktitle={SPE/IADC International Drilling Conference and Exhibition},
  year={2019},
  organization={Society of Petroleum Engineers},
  doi={https://doi.org/10.2118/194129-MS}
}




































