
@InProceedings{ chris_drake-proc-scipy-2015,
  author    = { {C}hris {D}rake },
  title     = { {P}y{E}{D}{A}: {D}ata {S}tructures and {A}lgorithms for {E}lectronic {D}esign {A}utomation },
  booktitle = { {P}roceedings of the 14th {P}ython in {S}cience {C}onference },
  pages     = { 25 - 30 },
  year      = { 2015 },
  editor    = { {K}athryn {H}uff and {J}ames {B}ergstra },
  doi       = { 10.25080/Majora-7b98e3ed-004 }
}
