
@InProceedings{ morley-proc-scipy-2010,
  author    = { {S}teven {K}. {M}orley and {D}aniel {T}. {W}elling and {J}osef {K}oller and {B}rian {A}. {L}arsen and {M}ichael {G}. {H}enderson and {J}onathan {N}iehof },
  title     = { {S}pace{P}y - {A} {P}ython-based {L}ibrary of {T}ools for the {S}pace {S}ciences },
  booktitle = { {P}roceedings of the 9th {P}ython in {S}cience {C}onference },
  pages     = { 67 - 72 },
  year      = { 2010 },
  editor    = { {S}t\'efan van der {W}alt and {J}arrod {M}illman },
  doi       = { 10.25080/Majora-92bf1922-00c }
}
