@Proceedings{ proc-scipy-2010,
  title     = { Proceedings of the 9th Python in Science Conference },
  booktitle = { Proceedings of the 9th Python in Science Conference },
  year      = { 2010 },
  editor    = { St\'efan van der Walt and Jarrod Millman },
  isbn      = { 978-1-4583-4619-3 }
}
