@article{brown2010,
    Adsurl = {https://doi.org/10.1007/s10915-010-9396-8},
    Author = {{Brown}, Jed},
    Journal = {Journal of Scientific Computing},
    Volume = 45,
    Month = oct,
    Title = {{Efficient Nonlinear Solvers for Nodal High-Order Finite Elements in 3D}},
    Year = 2010,
    doi = "10.1007/s10915-010-9396-8"
}

@misc{CUDAwebsite,
    title = "https://developer.nvidia.com/about-cuda",
    url = "https://developer.nvidia.com/about-cuda",
    year = "2020"
}

@misc{jax2018github,
    author = "James Bradbury and Roy Frostig and Peter Hawkins and Matthew James Johnson and Chris Leary and Dougal Maclaurin and Skye Wanderman-Milne",
    title = "{JAX: composable transformations of Python+NumPy programs}",
    url = "http://github.com/google/jax",
    version = "0.1.55",
    year = "2018"
}

@misc{libceed-dev-site,
    title =  {lib{CEED} development site},
    url =    {https://github.com/ceed/libceed},
    year = 2020
}

@misc{libCEEDBinder,
    title = "{libCEED Binder}",
    url = "https://mybinder.org/v2/gh/CEED/libCEED/master?urlpath=lab/tree/examples/tutorials/tutorial-0-ceed.ipynb",
    year = 2020
}

@misc{LIBXSMM,
    title = "{LIBXSMM development site}",
    url = "http://github.com/hfp/libxsmm",
    year = "2020"
}

@article{LottesFischer,
    author = "James W. Lottes and Paul F. Fischer",
    title = "Hybrid Multigrid/Schwarz Algorithms for the Spectral Element Method",
    journal = "Journal of Scientific Computing",
    year = "2005",
    volume = "24",
    doi = "10.1007/s10915-004-4787-3"
}

@misc{MAGMAwebsite,
    title = "{MAGMA development site}",
    url = "https://bitbucket.org/icl/magma",
    year = "2020"
}

@misc{MFEMlibrary,
    title = "{MFEM}: {Modular Finite Element Methods Library}",
    url = "https://mfem.org/",
    year = "2020",
    doi = "10.11578/dc.20171025.1248"
}

@misc{CEEDMS25,
    author       = {Brown, Jed and
                    Abdelfattah, Ahmad and
                    Barra, Valeria and
                    Dobrev, Veselin and
                    Dudouit, Yohann and
                    Fischer, Paul and
                    Kolev, Tzanio and
                    Medina, David and
                    Min, Misun and
                    Ratnayaka, Thilina and
                    Smith, Cameron and
                    Thompson, Jeremy and
                    Tomov, Stanimire and
                    Tomov, Vladimir and
                    Warburton, Tim},
    title        = {{CEED ECP Milestone Report: Public release of CEED
                     2.0}},
    year         = 2019,
    publisher    = {Zenodo},
    doi          = {10.5281/zenodo.2641316}
}

@misc{CEEDMS34,
    author       = {Kolev, Tzanio and
                    Fischer, Paul and
                    Abdelfattah, Ahmad and
                    Ananthan, Shreyas and
                    Barra, Valeria and
                    Beams, Natalie and
                    Bleile, Ryan and
                    Brown, Jed and
                    Carson, Robert and
                    Camier, Jean-Sylvain and
                    Churchfield, Matthew and
                    Dobrev, Veselin and
                    Dongarra, Jack and
                    Dudouit, Yohann and
                    Karakus, Ali and
                    Kerkemeier, Stefan and
                    Lan, YuHsiang and
                    Medina, David and
                    Merzari, Elia and
                    Min, Misun and
                    Parker, Scott and
                    Ratnayaka, Thilina and
                    Smith, Cameron and
                    Sprague, Michael and
                    Stitt, Thomas and
                    Thompson, Jeremy and
                    Tomboulides, Ananias and
                    Tomov, Stanimire and
                    Tomov, Vladimir and
                    Vargas, Arturo and
                    Warburton, Tim and
                    Weiss, Kenneth},
    title        = {{CEED ECP Milestone Report: Improve performance and
                     capabilities of CEED-enabled ECP applications on
                     Summit/Sierra}},
    year         = 2020,
    publisher    = {Zenodo},
    doi          = {10.5281/zenodo.3860804}
}

@misc{Nekwebsite,
    title = "Nek5000",
    url = "https://nek5000.mcs.anl.gov/",
    year = "2020"
}

@inproceedings{Numba,
    author = {Lam, Siu Kwan and Pitrou, Antoine and Seibert, Stanley},
    title = {{Numba: A LLVM-Based Python JIT Compiler}},
    year = {2015},
    isbn = {9781450340052},
    publisher = {Association for Computing Machinery},
    address = {New York, NY, USA},
    doi = {10.1145/2833157.2833162},
    booktitle = {{Proceedings of the Second Workshop on the LLVM Compiler Infrastructure in HPC}},
    articleno = {7},
    numpages = {6}
}



@article{NumPy,
    author = {S. {van der Walt} and S. C. {Colbert} and G. {Varoquaux}},
    journal = {{Computing in Science Engineering}}, 
    title = {{The NumPy Array: A Structure for Efficient Numerical Computation}}, 
    year = "2011",
    volume = "13",
    pages = "22 - 30",
    doi = "10.1109/MCSE.2011.37"
}

@misc{OCCAwebsite,
    title = "{OCCA} development site",
    url = "http://github.com/libocca/occa",
    year = "2020"
}

@article{Orszag1980,
    title = "Spectral methods for problems in complex geometries",
    journal = "Journal of Computational Physics",
    volume = "37",
    pages = "70 - 92",
    year = "1980",
    doi = "https://doi.org/10.1016/0021-9991(80)90005-4",
    author = "Steven A Orszag"
}

@article{petsc4py,
    title = "Parallel distributed computing using Python",
    journal = "Advances in Water Resources",
    volume = "34",
    pages = "1124 - 1139",
    year = "2011",
    note = "New Computational Methods and Software Tools",
    doi = "https://doi.org/10.1016/j.advwatres.2011.04.013",
    author = "Lisandro D. Dalcin and Rodrigo R. Paz and Pablo A. Kler and Alejandro Cosimo"
}

@TechReport{PETScUserManual,
    author = {Satish Balay and Shrirang Abhyankar and Mark~F. Adams and Jed Brown and Peter Brune
              and Kris Buschelman and Lisandro Dalcin and Alp Dener and Victor Eijkhout and William~D. Gropp
              and Dmitry Karpeyev and Dinesh Kaushik and Matthew~G. Knepley and Dave~A. May and Lois Curfman McInnes
              and Richard Tran Mills and Todd Munson and Karl Rupp and Patrick Sanan
              and Barry~F. Smith and Stefano Zampini and Hong Zhang and Hong Zhang},
    title  = {{PETS}c Users Manual},
    institution = {Argonne National Laboratory},
    year   = 2020,
    number = {ANL-95/11 - Revision 3.13}
}

@article{ProjectJupyter,
    author = {Thomas Kluyver and
              Benjamin Ragan-Kelley and 
              Fernando Pérez and 
              Brian Granger and 
              Matthias Bussonnier and
              Jonathan Frederic and 
              Kyle Kelley and 
              Jessica Hamrick and 
              Jason Grout and 
              Sylvain Corlay and 
              Paul Ivanov and 
              Damián Avila and 
              Safia Abdalla and 
              Carol Willing and 
              Jupyter Development Team},
    title = {{Jupyter Notebooks – a publishing format for reproducible computational workflows}},
    journal = "Positioning and Power in Academic Publishing",
    pages = "87 - 90",
    year = "2016",
    doi = "10.3233/978-1-61499-649-1-87"
}

@misc{PyPI,
    title = "{The Python Package Index (PyPI)}",
    url = "https://pypi.org/",
    year = "2020"
}

