
@misc{fit16,
  title = {Definition of the Flexible Image Transport System},
  author = {{FITS Working Group}},
  url = {http://fits.gsfc.nasa.gov/fits_standard.html},
  publisher = {International Astronomical Union},
  month = {July},
  year = {2016}
}

@INPROCEEDINGS{joy03,
       author = {{Joye}, W.~A. and {Mandel}, E.},
        title = "{New Features of SAOImage DS9}",
    booktitle = {Astronomical Data Analysis Software and Systems XII},
         year = 2003,
       editor = {{Payne}, H.~E. and {Jedrzejewski}, R.~I. and {Hook}, R.~N.},
       series = {Astronomical Society of the Pacific Conference Series},
       volume = {295},
        month = jan,
        pages = {489},
       adsurl = {https://ui.adsabs.harvard.edu/abs/2003ASPC..295..489J},
      adsnote = {Provided by the SAO/NASA Astrophysics Data System}
}

