
@InProceedings{ 111_lu-proc-scipy-2021,
  author    = { {H}aw-minn {L}u and {J}os\'e {U}npingco },
  title     = { {H}ow {P}{D}{F}rw and fillable forms improves throughput at a {C}ovid-19 {V}accine {C}linic },
  booktitle = { {P}roceedings of the 20th {P}ython in {S}cience {C}onference },
  pages     = { 1 - 5 },
  year      = { 2021 },
  editor    = { {M}eghann {A}garwal and {C}hris {C}alloway and {D}illon {N}iederhut and {D}avid {S}hupe },
  doi       = { 10.25080/majora-1b6fd038-000 }
}
