
@InProceedings{ sebastian_benthall-proc-scipy-2016,
  author    = { {S}ebastian {B}enthall and {T}ravis {P}inney and {J}{C} {H}erz and {K}it {P}lummer },
  title     = { {A}n {E}cological {A}pproach to {S}oftware {S}upply {C}hain {R}isk {M}anagement },
  booktitle = { {P}roceedings of the 15th {P}ython in {S}cience {C}onference },
  pages     = { 130 - 136 },
  year      = { 2016 },
  editor    = { {S}ebastian {B}enthall and {S}cott {R}ostrup },
  doi       = { 10.25080/Majora-629e541a-012 }
}
