
@InProceedings{ determan-proc-scipy-2011,
  author    = { {S}cott {D}eterman },
  title     = { {V}ision {S}preadsheet: {A}n {E}nvironment for {C}omputer {V}ision },
  booktitle = { {P}roceedings of the 10th {P}ython in {S}cience {C}onference },
  pages     = { 36 - 39 },
  year      = { 2011 },
  editor    = { {S}t\'efan van der {W}alt and {J}arrod {M}illman },
  doi       = { 10.25080/Majora-ebaa42b7-005 }
}
