
@InProceedings{ Hongsup_Shin-proc-scipy-2019,
  author    = { {H}ongsup {S}hin },
  title     = { {C}ase study: {R}eal-world machine learning application for hardware failure detection },
  booktitle = { {P}roceedings of the 18th {P}ython in {S}cience {C}onference },
  pages     = { 5 - 12 },
  year      = { 2019 },
  editor    = { {C}hris {C}alloway and {D}avid {L}ippa and {D}illon {N}iederhut and {D}avid {S}hupe },
  doi       = { 10.25080/Majora-7ddc1dd1-001 }
}
