
@InProceedings{ shammamah_hossain-proc-scipy-2019,
  author    = { {S}hammamah {H}ossain },
  title     = { {V}isualization of {B}ioinformatics {D}ata with {D}ash {B}io },
  booktitle = { {P}roceedings of the 18th {P}ython in {S}cience {C}onference },
  pages     = { 126 - 133 },
  year      = { 2019 },
  editor    = { {C}hris {C}alloway and {D}avid {L}ippa and {D}illon {N}iederhut and {D}avid {S}hupe },
  doi       = { 10.25080/Majora-7ddc1dd1-012 }
}
