
@InProceedings{ sanders-proc-scipy-2014,
  author    = { {D}avid {P}. {S}anders and {L}uis {B}enet },
  title     = { {V}alidated numerics with {P}ython: the {V}alidi{P}y package },
  booktitle = { {P}roceedings of the 13th {P}ython in {S}cience {C}onference },
  pages     = { 65 - 71 },
  year      = { 2014 },
  editor    = { {S}t\'efan van der {W}alt and {J}ames {B}ergstra },
  doi       = { 10.25080/Majora-14bd3278-00b }
}
