
@InProceedings{ patrick_pedersen-proc-scipy-2016,
  author    = { {P}atrick {S}teffen {P}edersen and {C}hristian {S}chou {O}xvig and {J}an \O{}stergaard and {T}orben {L}arsen },
  title     = { {V}alidating {F}unction {A}rguments in {P}ython {S}ignal {P}rocessing {A}pplications },
  booktitle = { {P}roceedings of the 15th {P}ython in {S}cience {C}onference },
  pages     = { 106 - 113 },
  year      = { 2016 },
  editor    = { {S}ebastian {B}enthall and {S}cott {R}ostrup },
  doi       = { 10.25080/Majora-629e541a-00f }
}
