@Book{Cordeiro2013,
  Title                    = {{S}oftware and {D}ata {T}echnologies: 5th {I}nternational {C}onference, {I}{C}{S}{O}{F}{T} 2010, {A}thens, {G}reece, {J}uly 22-24, 2010. {R}evised {S}elected {P}apers},
  Author                   = {José Cordeiro AND Maria Virvou AND Boris Shishkov},
  Publisher                = {Springer},
  Year                     = {2013},
}

@Article{Hunter2007,
  Title                    = {{M}atplotlib: {A} 2{D} {G}raphics {E}nvironment},
  Author                   = {John D. Hunter},
  Journal                  = {Computing in Science \& Engineering},
  Year                     = {2007},

  Month                    = may,
  Number                   = {3},
  Pages                    = {90-95},
  Volume                   = {9},

  Doi                      = {10.1109/MCSE.2007.55},
}

@Article{McCabe1976,
  Title                    = {{A} {C}omplexity {M}easure},
  Author                   = {Thomas J. McCabe},
  Journal                  = {IEEE Transactions on Software Engineering},
  Year                     = {1976},

  Month                    = dec,
  Number                   = {4},
  Pages                    = {308-320},
  Volume                   = {SE-2},

  Doi                      = {10.1109/TSE.1976.233837},
}

@Article{Oliphant2007,
  Title                    = {{P}ython for {S}cientific {C}omputing},
  Author                   = {Travis E. Oliphant},
  Journal                  = {Computing in Science \& Engineering},
  Year                     = {2007},

  Month                    = may,
  Number                   = {3},
  Pages                    = {10-20},
  Volume                   = {9},

  Doi                      = {10.1109/MCSE.2007.58},
}

@Article{Oxvig2014,
  Title                    = {{M}agni: {A} {P}ython {P}ackage for {C}ompressive {S}ampling and {R}econstruction of {A}tomic {F}orce {M}icroscopy {I}mages},
  Author                   = {Christian Schou Oxvig and Patrick Steffen Pedersen and Thomas Arildsen and Jan Østergaard and Torben Larsen},
  Journal                  = {Journal of Open Research Software},
  Year                     = {2014},

  Month                    = oct,
  Number                   = {1},
  Pages                    = {e29},
  Volume                   = {2},

  Doi                      = {10.5334/jors.bk},
  Journaltitle             = {Journal of Open Research Software},
  Pubstate                 = {Accepted},
}

@Article{Walt2011,
  Title                    = {{T}he {N}um{P}y {A}rray: {A} {S}tructure for {E}fficient {N}umerical {C}omputation},
  Author                   = {Stéfan van der Walt AND S. Chris Colbert AND Gaël Varoquaux},
  Journal                  = {Computing in Science \& Engineering},
  Year                     = {2011},

  Month                    = mar,
  Number                   = {2},
  Pages                    = {22-30},
  Volume                   = {13},

  Doi                      = {10.1109/MCSE.2011.37},
}

@Article{Wilson2014,
  author =    {Greg Wilson AND D. A. Aruliah AND C. Titus Brown AND Neil P. Chue Hong AND Matt Davis AND Richard T. Guy AND Steven H. D. Haddock AND Kathryn D. Huff AND Ian M. Mitchell AND Mark D. Plumbley AND Ben Waugh AND Ethan P. White AND Paul Wilson},
  title =     {{B}est {P}ractices for {S}cientific {C}omputing},
  journal =   {PloS Biology},
  year =      {2014},
  volume =    {12},
  number =    {1},
  pages =     {e1001745},
  month =     jan,
  doi =       {10.1371/journal.pbio.1001745},
}
