@Proceedings{ proc-scipy-2021,
  title     = { Proceedings of the 20th Python in Science Conference },
  booktitle = { Proceedings of the 20th Python in Science Conference },
  year      = { 2021 },
  editor    = { Meghann Agarwal and Chris Calloway and Dillon Niederhut and David Shupe },
  isbn      = { noisbn }
}
