
@InProceedings{ cory_quammen-proc-scipy-2015,
  author    = { {C}ory {Q}uammen },
  title     = { {S}cientific {D}ata {A}nalysis and {V}isualization with {P}ython, {V}{T}{K}, and {P}ara{V}iew },
  booktitle = { {P}roceedings of the 14th {P}ython in {S}cience {C}onference },
  pages     = { 31 - 38 },
  year      = { 2015 },
  editor    = { {K}athryn {H}uff and {J}ames {B}ergstra },
  doi       = { 10.25080/Majora-7b98e3ed-005 }
}
