@article{zdr2021allowables,
  title={When Are Allowables Conservative?},
  author={del Rosario, Zachary and Fenrich, Richard W and Iaccarino, Gianluca},
  journal={AIAA Journal},
  volume={59},
  number={5},
  pages={1760-1772},
  year={2021},
  publisher={American Institute of Aeronautics and Astronautics},
  doi = "10.2514/1.J059578",
  url = {https://doi.org/10.2514/1.J059578}
}

@inproceedings{aggarwal2021qualitative,
  title={A Qualitative Study of Engineering Students' Reasoning About Statistical Variability},
  author={Aggarwal, Riya and Flynn, Mira and Daitzman, Sam and Lam, Diane and del Rosario, Zachary Riggins},
  booktitle={2021 Fall ASEE Middle Atlantic Section Meeting},
  year={2021},
  url={https://peer.asee.org/38421}
}

@book{kahneman2021noise,
  title={Noise: A flaw in human judgment},
  author={Kahneman, Daniel and Sibony, Olivier and Sunstein, Cass R},
  year={2021},
  publisher={Little, Brown},
  isbn={978-0316451406}
}

@article{freeman2014active,
  title     = {Active learning increases student performance in science,
                  engineering, and mathematics},
  author    = {Freeman, Scott and Eddy, Sarah L and McDonough, Miles and Smith,
                  Michelle K and Okoroafor, Nnadozie and Jordt, Hannah and
                  Wenderoth, Mary Pat},
  journal   = {Proceedings of the National Academy of Sciences},
  volume    = {111},
  number    = {23},
  pages     = {8410--8415},
  year      = {2014},
  publisher = {National Academy of Sciences},
  doi       = "10.1073/pnas.1319030111",
}

@article{wickham2019welcome,
  title={Welcome to the Tidyverse},
  author={Wickham, Hadley and Averick, Mara and Bryan, Jennifer and Chang, Winston and McGowan, Lucy D'Agostino and Fran{\c{c}}ois, Romain and Grolemund, Garrett and Hayes, Alex and Henry, Lionel and Hester, Jim and others},
  journal={Journal of Open Source Software},
  volume={4},
  number={43},
  pages={1686},
  year={2019},
  doi="10.21105/joss.01686"
}

@article{wickham2014tidy,
  title={Tidy Data},
  author={Wickham, Hadley},
  journal={Journal of Statistical Software},
  volume={59},
  number={10},
  pages={1--23},
  year={2014},
  doi="10.18637/jss.v059.i10",
}

@software{reback2020pandas,
    author       = {{The pandas development team}},
    title        = {pandas-dev/pandas: Pandas},
    month        = feb,
    year         = 2020,
    publisher    = {Zenodo},
    version      = {latest},
    doi          = {10.5281/zenodo.3509134},
    url          = {https://doi.org/10.5281/zenodo.3509134}
}

@InProceedings{mckinney-proc-scipy-2010,
  author    = {{W}es {M}c{K}inney},
  title     = {{D}ata {S}tructures for {S}tatistical {C}omputing in {P}ython},
  booktitle = {{P}roceedings of the 9th {P}ython in {S}cience {C}onference},
  pages     = {56 - 61},
  year      = {2010},
  editor    = {{S}t\'efan van der {W}alt and {J}arrod {M}illman},
  doi       = {10.25080/Majora-92bf1922-00a}
}

@article{zdr2020grama,
  doi = {10.21105/joss.02462},
  url = {https://doi.org/10.21105/joss.02462},
  year = {2020},
  publisher = {The Open Journal},
  volume = {5},
  number = {51},
  pages = {2462},
  author = {Zachary del Rosario},
  title = {Grama: A Grammar of Model Analysis},
  journal = {Journal of Open Source Software}
}

@inproceedings{sagiroglu2013big,
  title={Big Data: A Review},
  author={Sagiroglu, Seref and Sinanc, Duygu},
  booktitle={2013 International Conference on Collaboration Technologies and Systems (CTS)},
  pages={42--47},
  year={2013},
  organization={IEEE},
  doi={10.1109/CTS.2013.6567202},
  url={https://ieeexplore.ieee.org/document/6567202}
}

@techreport{slotnick2014cfd,
  title={CFD Vision 2030 Study: A Path To Revolutionary Computational Aerosciences},
  author={Slotnick, Jeffrey P and Khodadoust, Abdollah and Alonso, Juan and Darmofal, David and Gropp, William and Lurie, Elizabeth and Mavriplis, Dimitri J},
  year={2014},
  url={https://ntrs.nasa.gov/citations/20140003093}
}

@article{mittal2015survey,
  title={A Survey Of CPU-GPU Heterogeneous Computing Techniques},
  author={Mittal, Sparsh and Vetter, Jeffrey S},
  journal={ACM Computing Surveys (CSUR)},
  volume={47},
  number={4},
  pages={1--35},
  year={2015},
  publisher={ACM New York, NY, USA},
  doi={10.1145/2788396},
  url={https://dl.acm.org/doi/10.1145/2788396}
}

@inproceedings{bauer2012legion,
  title={Legion: Expressing locality and independence with logical regions},
  author={Bauer, Michael and Treichler, Sean and Slaughter, Elliott and Aiken, Alex},
  booktitle={SC'12: Proceedings of the International Conference on High Performance Computing, Networking, Storage and Analysis},
  pages={1--11},
  year={2012},
  organization={IEEE},
  doi={10.1109/SC.2012.71},
  url={https://ieeexplore.ieee.org/document/6468504}
}

@book{keane2005computational,
  title={Computational Approaches For Aerospace Design: The Pursuit Of Excellence},
  author={Keane, Andy and Nair, Prasanth},
  year={2005},
  publisher={John Wiley \& Sons},
  isbn={0-470-85540-1}
}

@article{esmaily2020benchmark,
  title={A benchmark for particle-laden turbulent duct flow: A joint computational and experimental study},
  author={Esmaily, M and Villafane, L and Banko, AJ and Iaccarino, G and Eaton, JK and Mani, A},
  journal={International Journal of Multiphase Flow},
  volume={132},
  pages={103410},
  year={2020},
  publisher={Elsevier},
  doi={10.1016/j.ijmultiphaseflow.2020.103410},
  url={https://www.sciencedirect.com/science/article/abs/pii/S030193222030519X}
}

@article{maeda2022integrated,
  title={An integrated heterogeneous computing framework for ensemble simulations of laser-induced ignition},
  author={Maeda, Kazuki and Teixeira, Thiago and Wang, Jonathan M and Hokanson, Jeffrey M and Melone, Caetano and Di Renzo, Mario and Jones, Steve and Urzay, Javier and Iaccarino, Gianluca},
  journal={arXiv preprint arXiv:2202.02319},
  year={2022},
  doi={10.48550/arXiv.2202.02319},
  url={https://arxiv.org/abs/2202.02319}
}

@techreport{barba2016computational,
  title={Computational Thinking: I do not think it means what you think it means},
  author={Barba, Lorena},
  year={2016},
  publisher={Medium},
  url="https://lorenabarba.com/blog/computational-thinking-i-do-not-think-it-means-what-you-think-it-means/",
}

@article{kibirige2021plotnine,
  title={has2k1/plotnine: v0.8.0},
  publisher={Zenodo},
  author={Hassan Kibirige, Greg Lamp, Jan Katins, gdowding, austin, matthias-k, Tyler Funnell, Florian Finkernagel, Jonas Arnfred, Dan Blanchard, et al.},
  year={2021},
  month={Mar},
  doi="10.5281/zenodo.4636791",
}

@article{kuzba2019pyceterisparibus,
  title={pyCeterisParibus: explaining Machine Learning models with Ceteris Paribus Profiles in Python},
  author={Ku{\'z}ba, Micha{\l} and Baranowska, Ewa and Biecek, Przemys{\l}aw},
  journal={Journal of Open Source Software},
  volume={4},
  number={37},
  pages={1389},
  year={2019},
  doi={10.21105/joss.01389},
  url={https://joss.theoj.org/papers/10.21105/joss.01389}
}

@manual{biecek2020paribus,
  title = {ceterisParibus: Ceteris Paribus Profiles},
  author = {Przemyslaw Biecek},
  year = {2020},
  note = {R package version 0.4.2},
  url = {https://cran.r-project.org/package=ceterisParibus},
}

@book{cullen1999probabilistic,
  title={Probabilistic Techniques In Exposure Assessment: A Handbook For Dealing With Variability And Uncertainty In Models And Inputs},
  author={Cullen, Alison C and Frey, H Christopher},
  year={1999},
  publisher={Springer Science \& Business Media},
  isbn={9780306459573}
}

@book{bloom1956taxonomy,
  title={Taxonomy of educational objectives: The classification of educational goals},
  author={Bloom, Benjamin Samuel},
  year={1956},
  publisher={Addison-Wesley Longman Ltd.},
  isbn={978-0679302117}
}

@book{larsson2000yacht,
  title={Principles of Yacht Design},
  author={Larsson, Lars and Eliasson, Rolf},
  year={2000},
  publisher={McGraw Hill Companies},
  isbn={978-0071353939}
}

@article{sacks1989doe,
 ISSN = {00401706},
 URL = {http://www.jstor.org/stable/1270363},
 author = {Jerome Sacks and Susannah B. Schiller and William J. Welch},
 journal = {Technometrics},
 number = {1},
 pages = {41--47},
 publisher = {[Taylor & Francis, Ltd., American Statistical Association, American Society for Quality]},
 title = {Designs for Computer Experiments},
 volume = {31},
 year = {1989},
 doi = "10.2307/1270363",
}

@article{mak2018support,
  title={Support points},
  author={Mak, Simon and Joseph, V Roshan},
  journal={The Annals of Statistics},
  volume={46},
  number={6A},
  pages={2562--2592},
  year={2018},
  publisher={Institute of Mathematical Statistics},
  doi="10.1214/17-AOS1629",
}

@book{rasmussen2005gp,
  author = {Rasmussen, Carl Edward and Williams, Christopher K. I.},
  title = "{Gaussian Processes for Machine Learning}",
  publisher = {The MIT Press},
  year = {2005},
  month = {11},
  isbn = {9780262256834},
  doi = {10.7551/mitpress/3206.001.0001},
  url = {https://doi.org/10.7551/mitpress/3206.001.0001},
}

@book{james2013introduction,
  title={An Introduction to Statistical Learning: with Applications in R},
  author={James, Gareth and Witten, Daniela and Hastie, Trevor and Tibshirani, Robert},
  volume={112},
  year={2013},
  publisher={Springer},
  isbn={978-1-4614-7137-0},
  url={https://www.statlearning.com/}
}

@inproceedings{delRosario2017,
  title     = {Developing Design Insight Through Active Subspaces},
  author    = {{del Rosario}, Zachary and Constantine, Paul G. and Iaccarino, Gianluca},
  booktitle = {19th AIAA Non-Deterministic Approaches Conference},
  pages     = {1090},
  year      = {2017},
  doi       = {10.2514/6.2017-1090},
  url       = {https://arc.aiaa.org/doi/10.2514/6.2017-1090}
}

@BOOK{constantine2015,
   author       = {Constantine, Paul G.},
   year         = {2015},
   title        = {Active Subspaces: Emerging Ideas for Dimension Reduction in
                  Parameter Studies},
   publisher    = {SIAM Philadelphia},
   doi          = {10.1137/1.9781611973860},
   isbn         = {9781611973853}
}

@article{hokanson2018projection,
  title     = {Data-driven polynomial ridge approximation using variable projection},
  author    = {Hokanson, Jeffrey M and Constantine, Paul G},
  journal   = {SIAM Journal on Scientific Computing},
  volume    = {40},
  number    = {3},
  pages     = {A1566--A1589},
  year      = {2018},
  publisher = {SIAM},
  doi       = {10.1137/17M1117690}
}

@inproceedings{bryan2020closure,
  title= {object of type closure is not subsettable},
  author = {Bryan, Jennifer},
  year = {2020},
  note= {rstudio::conf 2020},
  URL = {https://rstd.io/debugging},
}
