
@InProceedings{ lindsay-proc-scipy-2017,
  author    = { {T}heodore {L}indsay and {P}eter {T}. {W}eir and {F}loris van {B}reugel },
  title     = { {F}igure{F}irst: {A} {L}ayout-first {A}pproach for {S}cientific {F}igures },
  booktitle = { {P}roceedings of the 16th {P}ython in {S}cience {C}onference },
  pages     = { 57 - 63 },
  year      = { 2017 },
  editor    = { {K}aty {H}uff and {D}avid {L}ippa and {D}illon {N}iederhut and {M} {P}acer },
  doi       = { 10.25080/shinma-7f4c6e7-009 }
}
