
@InProceedings{ overholt-proc-scipy-2010,
  author    = { {K}ristopher {O}verholt },
  title     = { {N}umerical {P}yromaniacs: {T}he {U}se of {P}ython in {F}ire {R}esearch },
  booktitle = { {P}roceedings of the 9th {P}ython in {S}cience {C}onference },
  pages     = { 73 - 76 },
  year      = { 2010 },
  editor    = { {S}t\'efan van der {W}alt and {J}arrod {M}illman },
  doi       = { 10.25080/Majora-92bf1922-00d }
}
