
@InProceedings{ daily-proc-scipy-2011,
  author    = { {J}eff {D}aily and {R}obert {R}. {L}ewis },
  title     = { {U}sing the {G}lobal {A}rrays {T}oolkit to {R}eimplement {N}um{P}y for {D}istributed {C}omputation },
  booktitle = { {P}roceedings of the 10th {P}ython in {S}cience {C}onference },
  pages     = { 29 - 35 },
  year      = { 2011 },
  editor    = { {S}t\'efan van der {W}alt and {J}arrod {M}illman },
  doi       = { 10.25080/Majora-ebaa42b7-004 }
}
