
@InProceedings{ cyrus_harrison-proc-scipy-2012,
  author    = { {C}yrus {H}arrison and {H}arinarayan {K}rishnan },
  title     = { {P}ython's {R}ole in {V}is{I}t },
  booktitle = { {P}roceedings of the 11th {P}ython in {S}cience {C}onference },
  pages     = { 23 - 29 },
  year      = { 2012 },
  editor    = { {A}ron {A}hmadia and {J}arrod {M}illman and {S}t\'efan van der {W}alt },
  doi       = { 10.25080/Majora-54c7f2c8-004 }
}
