
@InProceedings{ laura-proc-scipy-2014,
  author    = { {J}ason {L}aura and {S}ergio {J}. {R}ey },
  title     = { {S}caling {P}olygon {A}djacency {A}lgorithms to {B}ig {D}ata {G}eospatial {A}nalysis },
  booktitle = { {P}roceedings of the 13th {P}ython in {S}cience {C}onference },
  pages     = { 45 - 50 },
  year      = { 2014 },
  editor    = { {S}t\'efan van der {W}alt and {J}ames {B}ergstra },
  doi       = { 10.25080/Majora-14bd3278-008 }
}
