
@InProceedings{ ingo_heimbach-proc-scipy-2017,
  author    = { {I}ngo {H}eimbach and {F}lorian {R}hiem and {F}abian {B}eule and {D}avid {K}nodt and {J}osef {H}einen and {R}obert {O}. {J}ones },
  title     = { py{M}ol{D}yn: {I}dentification, structure, and properties of cavities in condensed matter and molecules },
  booktitle = { {P}roceedings of the 16th {P}ython in {S}cience {C}onference },
  pages     = { 28 - 33 },
  year      = { 2017 },
  editor    = { {K}aty {H}uff and {D}avid {L}ippa and {D}illon {N}iederhut and {M} {P}acer },
  doi       = { 10.25080/shinma-7f4c6e7-005 }
}
