
@InProceedings{ ketcheson-proc-scipy-2014,
  author    = { {D}avid {I}. {K}etcheson },
  title     = { {T}eaching numerical methods with {I}{P}ython notebooks and inquiry-based learning },
  booktitle = { {P}roceedings of the 13th {P}ython in {S}cience {C}onference },
  pages     = { 19 - 24 },
  year      = { 2014 },
  editor    = { {S}t\'efan van der {W}alt and {J}ames {B}ergstra },
  doi       = { 10.25080/Majora-14bd3278-004 }
}
