
@InProceedings{ jacob_barhak-proc-scipy-2012,
  author    = { {J}acob {B}arhak },
  title     = { {T}he {R}eference {M}odel for {D}isease {P}rogression },
  booktitle = { {P}roceedings of the 11th {P}ython in {S}cience {C}onference },
  pages     = { 41 - 45 },
  year      = { 2012 },
  editor    = { {A}ron {A}hmadia and {J}arrod {M}illman and {S}t\'efan van der {W}alt },
  doi       = { 10.25080/Majora-54c7f2c8-007 }
}
