@ONLINE{Gaia23-GDR3,
  author = {{European Space Agency (ESA) and Gaia Data Processing and Analysis Consortium (DPAC)}},
  title = "{Gaia Data Release 3. Documentation release 1.2}",
  year = {2023},
  note = {https://gea.esac.esa.int/archive/documentation/GDR3/},
}

@Article{FA10-starving-cpus,
  author = {{Francesc Alted}},
  year = "2010",
  title = "{Why Modern CPUs Are Starving and What Can Be Done About It}",
  journal = "Computing in Science and Engineering",
  volume = 12,
  issue = 2,
	note = {\url{https://doi.org/10.1109/MCSE.2010.51}},
  issn = "1521-9615",
  publisher = "IEEE Educational Activities Department",
  note = {https://www.blosc.org/docs/starvingcpus-2010.pdf},
  pages = {68-71}
}

@ONLINE{Zstd,
  author = {{Yann Collet et al.}},
  title = "{Zstandard - Fast real-time compression algorithm}",
  year = {2023},
  note = {https://github.com/facebook/zstd},
}

@ONLINE{BDT23-blosc2-ndim-intro,
  author = {{Francesc Alted and Oscar Guiñón}},
  title = "{Introducing Blosc2 NDim}",
  year = {2023},
  note = {https://www.blosc.org/posts/blosc2-ndim-intro/},
}

@ONLINE{BDT18-breaking-memory-walls,
  author = {{Francesc Alted}},
  title = "{Breaking Down Memory Walls}",
  year = {2018},
  note = {https://www.blosc.org/posts/breaking-memory-walls/},
}

@ONLINE{hdf5,
  author = {{The HDF Group}},
  title = "{Hierarchical Data Format, version 5}",
  year = {1997-2023},
  note = {https://www.hdfgroup.org/HDF5/}
}

@ONLINE{zarr,
  author = {{Zarr Developers}},
  title = "{An implementation of chunked, compressed, N-dimensional arrays for Python}",
  year = {2017-2023},
	note = {\url{https://doi.org/10.5281/zenodo.7971911}},
  note = {https://zarr.readthedocs.io}
}

@ONLINE{pytables,
  author = {{PyTables developers}},
  title = "{A Python package to manage extremely large amounts of data}",
  year = {2002-2023},
  note = {http://www.pytables.org}
}

@ONLINE{BDT23-dynamic-plugins,
  author = "{Marta Iborra and Francesc Alted}",
  title = "{Dynamic Plugins in C-Blosc2}",
  year = {2023},
  note = {https://www.blosc.org/posts/dynamic-plugins/},
}

@ONLINE{BDT22-blosc2-pipeline,
  author = "{Marta Iborra}",
  title = "{User Defined Pipeline for Python-Blosc2}",
  year = {2022},
  note = {https://www.blosc.org/posts/python-blosc2-pipeline/},
}

@ONLINE{hdf5plugin,
  author = "{Silx maintainers}",
  title = "{Set of compression filters for h5py}",
  year = {2023},
  note = {https://github.com/silx-kit/hdf5plugin},
}

@ONLINE{plotly,
  author = "{Plotly Technologies Inc.}",
  title = "{Collaborative data science}",
  publisher = "{Plotly Technologies Inc.}",
  address = "{Montreal, QC}",
  year = {2015},
  note = {https://plot.ly},
}

@ONLINE{scripts-gaia,
  author = {{The Blosc Development Team}},
  title = "{Scripts for "A Fast Explorer Of The Milky Way" talk}",
  year = {2023},
  note = {https://github.com/Blosc/exploring-milky-way.git}
}