
@InProceedings{ colbert-proc-scipy-2010,
  author    = { {S}teven {C}. {C}olbert and {G}regor {F}ranz and {K}onrad {W}oellhaf and {R}edwan {A}lqasemi and {R}ajiv {D}ubey },
  title     = { {A} {H}igh {P}erformance {R}obot {V}ision {A}lgorithm {I}mplemented in {P}ython },
  booktitle = { {P}roceedings of the 9th {P}ython in {S}cience {C}onference },
  pages     = { 25 - 30 },
  year      = { 2010 },
  editor    = { {S}t\'efan van der {W}alt and {J}arrod {M}illman },
  doi       = { 10.25080/Majora-92bf1922-004 }
}
