@article{lu2018learning,
	title        = {Learning under concept drift: A review},
	author       = {Lu, Jie and Liu, Anjin and Dong, Fan and Gu, Feng and Gama, Joao and Zhang, Guangquan},
	year         = 2018,
	journal      = {IEEE Transactions on Knowledge and Data Engineering},
	publisher    = {IEEE},
	volume       = 31,
	number       = 12,
	pages        = {2346--2363},
	doi          = {10.1109/TKDE.2018.2876857}
}
@inproceedings{richardson2022loss,
	title        = {Loss as the Inconsistency of a Probabilistic Dependency Graph: Choose Your Model, Not Your Loss Function},
	author       = {Richardson, Oliver E},
	year         = 2022,
	booktitle    = {International Conference on Artificial Intelligence and Statistics},
	pages        = {2706--2735},
	organization = {PMLR}
}
@inproceedings{qahtan2015pca,
	title        = {A pca-based change detection framework for multidimensional data streams: Change detection in multidimensional data streams},
	author       = {Qahtan, Abdulhakim A and Alharbi, Basma and Wang, Suojin and Zhang, Xiangliang},
	year         = 2015,
	booktitle    = {Proceedings of the 21th ACM SIGKDD International Conference on Knowledge Discovery and Data Mining},
	pages        = {935--944},
	doi          = {10.1145/2783258.2783359}
}
@inproceedings{dasu2006information,
	title        = {An information-theoretic approach to detecting changes in multi-dimensional data streams},
	author       = {Dasu, Tamraparni and Krishnan, Shankar and Venkatasubramanian, Suresh and Yi, Ke},
	year         = 2006,
	booktitle    = {In Proc. Symp. on the Interface of Statistics, Computing Science, and Applications},
	organization = {Citeseer}
}
@inproceedings{lopez2017revisiting,
	title        = {Revisiting classifier two-sample tests},
	author       = {Lopez-Paz, David and Oquab, Maxime},
	year         = 2017,
	booktitle    = {International Conference on Learning Representations}
}
@book{quinonero2008dataset,
	title        = {Dataset shift in machine learning},
	author       = {Qui{\~n}onero-Candela, Joaquin and Sugiyama, Masashi and Schwaighofer, Anton and Lawrence, Neil D},
	year         = 2008,
	publisher    = {Mit Press}
}
@book{english,
	title        = {Improving Data Warehouse and Business Information Quality: Methods for Reducing Costs and Increasing Profits},
	author       = {English, Larry},
	year         = 1999,
	publisher    = {Wiley},
	isbn         = {978-0-471-25383-9}
}
@inbook{Fischer2011,
	title        = {The Central Limit Theorem from Laplace to Cauchy: Changes in Stochastic Objectives and in Analytical Methods},
	author       = {Fischer, Hans},
	year         = 2011,
	booktitle    = {A History of the Central Limit Theorem: From Classical to Modern Probability Theory},
	publisher    = {Springer New York},
	address      = {New York, NY},
	pages        = {17--74},
	doi          = {10.1007/978-0-387-87857-7_2},
	isbn         = {978-0-387-87857-7},
	url          = {https://doi.org/10.1007/978-0-387-87857-7_2}
}
@article{bonferroni1936teoria,
	title        = {Teoria statistica delle classi e calcolo delle probabilita},
	author       = {Bonferroni, Carlo},
	year         = 1936,
	journal      = {Pubblicazioni del R Istituto Superiore di Scienze Economiche e Commericiali di Firenze},
	volume       = 8,
	pages        = {3--62}
}
@software{alibi-detect,
	title        = {{Alibi Detect: Algorithms for outlier, adversarial and drift detection}},
	author       = {Van Looveren, Arnaud and Klaise, Janis and Vacanti, Giovanni and Cobb, Oliver and Scillitoe, Ashley and Samoilescu, Robert},
	year         = 2022,
	month        = 4,
	url          = {https://github.com/SeldonIO/alibi-detect},
	version      = {0.9.1}
}
@article{pesaranghader2018reservoir,
	title        = {Reservoir of diverse adaptive learners and stacking fast hoeffding drift detection methods for evolving data streams},
	author       = {Pesaranghader, Ali and Viktor, Herna and Paquet, Eric},
	year         = 2018,
	journal      = {Machine Learning},
	publisher    = {Springer},
	volume       = 107,
	number       = 11,
	pages        = {1711--1743},
	doi          = {10.1007/s10994-018-5719-z},
	url          = {https://doi.org/10.1007/s10994-018-5719-z}
}
@inproceedings{street2001streaming,
	title        = {A Streaming Ensemble Algorithm (SEA) for Large-Scale Classification},
	author       = {Street, W Nick and Kim, YongSeog},
	booktitle    = {Proceedings of the Seventh ACM SIGKDD International Conference on Knowledge Discovery and Data Mining},
	location     = {San Francisco, California},
	publisher    = {Association for Computing Machinery},
	address      = {New York, NY, USA},
	series       = {KDD '01},
	pages        = {377–382},
	doi          = {10.1145/502512.502568},
	isbn         = {158113391X},
	url          = {https://doi.org/10.1145/502512.502568}
}
@inproceedings{fan2004systematic,
	title        = {Systematic Data Selection to Mine Concept-Drifting Data Streams},
	author       = {Fan, Wei},
	year         = 2004,
	booktitle    = {Proceedings of the Tenth ACM SIGKDD International Conference on Knowledge Discovery and Data Mining},
	location     = {Seattle, WA, USA},
	publisher    = {Association for Computing Machinery},
	address      = {New York, NY, USA},
	series       = {KDD '04},
	pages        = {128–137},
	doi          = {10.1145/1014052.1014069},
	isbn         = 1581138881,
	url          = {https://doi.org/10.1145/1014052.1014069},
	numpages     = 10,
	keywords     = {decision trees, data streams, concept-drift}
}
@software{jim_pivarski_2016_61418,
	title        = {histogrammar-python: 1.0.0},
	author       = {Jim Pivarski and Alexey Svyatkovskiy and Ferdinand Schenck and Bill Engels},
	year         = 2016,
	month        = sep,
	publisher    = {Zenodo},
	doi          = {10.5281/zenodo.61418},
	url          = {https://doi.org/10.5281/zenodo.61418}
}
@article{anscome,
	title        = {Graphs in Statistical Analysis},
	author       = {Anscome, F.J.},
	year         = 1973,
	journal      = {American Statistician. 27 (1)},
	pages        = {17--21},
	doi          = {10.2307/2682899},
	url          = {https://doi.org/10.2307/2682899}
}
@inproceedings{matejka2017same,
	title        = {Same stats, different graphs: generating datasets with varied appearance and identical statistics through simulated annealing},
	author       = {Matejka, Justin and Fitzmaurice, George},
	year         = 2017,
	booktitle    = {Proceedings of the 2017 CHI conference on human factors in computing systems},
	pages        = {1290--1294},
	doi          = {10.1145/3025453.3025912},
	url          = {https://doi.org/10.1145/3025453.3025912}
}
@software{jim_pivarski_2021_4660177,
	title        = {histogrammar/histogrammar-scala: v1.0.20},
	author       = {Jim Pivarski and Alexey Svyatkovskiy},
	year         = 2021,
	month        = apr,
	publisher    = {Zenodo},
	doi          = {10.5281/zenodo.4660177},
	url          = {https://doi.org/10.5281/zenodo.4660177},
	version      = {v1.0.20}
}
@article{rabanser2019failing,
	title        = {Failing loudly: An empirical study of methods for detecting dataset shift},
	author       = {Rabanser, Stephan and G{\"u}nnemann, Stephan and Lipton, Zachary},
	year         = 2019,
	journal      = {Advances in Neural Information Processing Systems},
	volume       = 32,
	url          = {https://proceedings.neurips.cc/paper/2019/hash/846c260d715e5b854ffad5f70a516c88-Abstract.html}
}
@article{klaise2020monitoring,
	title        = {Monitoring and explainability of models in production},
	author       = {Klaise, Janis and Van Looveren, Arnaud and Cox, Clive and Vacanti, Giovanni and Coca, Alexandru},
	year         = 2020,
	journal      = {arXiv preprint arXiv:2007.06299},
	doi          = {10.48550/arXiv.2007.06299},
	url          = {https://doi.org/10.48550/arXiv.2007.06299}
}
@article{lundberg2017unified,
	title        = {A unified approach to interpreting model predictions},
	author       = {Lundberg, Scott M and Lee, Su-In},
	year         = 2017,
	journal      = {Advances in neural information processing systems},
	volume       = 30
}
@article{sturmfels2020visualizing,
	title        = {Visualizing the Impact of Feature Attribution Baselines},
	author       = {Sturmfels, Pascal and Lundberg, Scott and Lee, Su-In},
	year         = 2020,
	journal      = {Distill},
	doi          = {10.23915/distill.00022},
	note         = {https://distill.pub/2020/attribution-baselines}
}
@inproceedings{lipton2018detecting,
	title        = {Detecting and correcting for label shift with black box predictors},
	author       = {Lipton, Zachary and Wang, Yu-Xiang and Smola, Alexander},
	year         = 2018,
	booktitle    = {International conference on machine learning},
	pages        = {3122--3130},
	organization = {PMLR}
}
@article{chebyshev1867valeurs,
	title        = {Des valeurs moyennes, Liouville's},
	author       = {Chebyshev, Pafnutii Lvovich},
	year         = 1867,
	journal      = {J. Math. Pures Appl.},
	volume       = 12,
	pages        = {177--184}
}
@article{harris2020array,
	title        = {Array programming with {NumPy}},
	author       = {Charles R. Harris and K. Jarrod Millman and St{\'{e}}fan J. van der Walt and Ralf Gommers and Pauli Virtanen and David Cournapeau and Eric Wieser and Julian Taylor and Sebastian Berg and Nathaniel J. Smith and Robert Kern and Matti Picus and Stephan Hoyer and Marten H. van Kerkwijk and Matthew Brett and Allan Haldane and Jaime Fern{\'{a}}ndez del R{\'{i}}o and Mark Wiebe and Pearu Peterson and Pierre G{\'{e}}rard-Marchant and Kevin Sheppard and Tyler Reddy and Warren Weckesser and Hameer Abbasi and Christoph Gohlke and Travis E. Oliphant},
	year         = 2020,
	month        = sep,
	journal      = {Nature},
	publisher    = {Springer Science and Business Media {LLC}},
	volume       = 585,
	number       = 7825,
	pages        = {357--362},
	doi          = {10.1038/s41586-020-2649-2},
	url          = {https://doi.org/10.1038/s41586-020-2649-2}
}
@article{2020SciPy-NMeth,
	title        = {{{SciPy} 1.0: Fundamental Algorithms for Scientific Computing in Python}},
	author       = {Virtanen, Pauli and Gommers, Ralf and Oliphant, Travis E. and Haberland, Matt and Reddy, Tyler and Cournapeau, David and Burovski, Evgeni and Peterson, Pearu and Weckesser, Warren and Bright, Jonathan and {van der Walt}, St{\'e}fan J. and Brett, Matthew and Wilson, Joshua and Millman, K. Jarrod and Mayorov, Nikolay and Nelson, Andrew R. J. and Jones, Eric and Kern, Robert and Larson, Eric and Carey, C J and Polat, {\.I}lhan and Feng, Yu and Moore, Eric W. and {VanderPlas}, Jake and Laxalde, Denis and Perktold, Josef and Cimrman, Robert and Henriksen, Ian and Quintero, E. A. and Harris, Charles R. and Archibald, Anne M. and Ribeiro, Ant{\^o}nio H. and Pedregosa, Fabian and {van Mulbregt}, Paul and {SciPy 1.0 Contributors}},
	year         = 2020,
	journal      = {Nature Methods},
	volume       = 17,
	pages        = {261--272},
	doi          = {10.1038/s41592-019-0686-2},
	adsurl       = {https://rdcu.be/b08Wh}
}
@article{zaharia2016apache,
	title        = {Apache Spark: A Unified Engine for Big Data Processing},
	author       = {Zaharia, Matei and Xin, Reynold S. and Wendell, Patrick and Das, Tathagata and Armbrust, Michael and Dave, Ankur and Meng, Xiangrui and Rosen, Josh and Venkataraman, Shivaram and Franklin, Michael J. and Ghodsi, Ali and Gonzalez, Joseph and Shenker, Scott and Stoica, Ion},
	year         = 2016,
	month        = {oct},
	journal      = {Commun. ACM},
	publisher    = {Association for Computing Machinery},
	address      = {New York, NY, USA},
	volume       = 59,
	number       = 11,
	pages        = {56–65},
	doi          = {10.1145/2934664},
	issn         = {0001-0782},
	url          = {https://doi.org/10.1145/2934664},
	issue_date   = {November 2016},
	numpages     = 10
}
@inproceedings{mckinney-proc-scipy-2010,
	title        = {{D}ata {S}tructures for {S}tatistical {C}omputing in {P}ython},
	author       = {{W}es {M}c{K}inney},
	year         = 2010,
	booktitle    = {{P}roceedings of the 9th {P}ython in {S}cience {C}onference},
	pages        = {56--61},
	doi          = {10.25080/Majora-92bf1922-00a},
	editor       = {{S}t\'efan van der {W}alt and {J}arrod {M}illman}
}
@software{reback2020pandas,
	title        = {pandas-dev/pandas: Pandas},
	author       = {{The pandas development team}},
	year         = 2020,
	month        = feb,
	publisher    = {Zenodo},
	doi          = {10.5281/zenodo.3509134},
	url          = {https://doi.org/10.5281/zenodo.3509134},
	version      = {latest}
}
@software{Gong_Great_Expectations,
	title        = {{Great Expectations}},
	author       = {Gong, Abe and Campbell, James and {Superconductive} and {Great Expectations}},
	year         = 2022,
	doi          = {10.5281/zenodo.5683574},
	url          = {https://github.com/great-expectations/great\_expectations},
	license      = {Apache-2.0}
}
@inproceedings{chen2020developments,
	title        = {Developments in mlflow: A system to accelerate the machine learning lifecycle},
	author       = {Chen, Andrew and Chow, Andy and Davidson, Aaron and DCunha, Arjun and Ghodsi, Ali and Hong, Sue Ann and Konwinski, Andy and Mewald, Clemens and Murching, Siddharth and Nykodym, Tomas and others},
	year         = 2020,
	booktitle    = {Proceedings of the fourth international workshop on data management for end-to-end machine learning},
	pages        = {1--4},
	doi          = {10.1145/3399579.3399867},
	url          = {https://doi.org/10.1145/3399579.3399867}
}
@article{page1954continuous,
	title        = {Continuous Inspection Schemes},
	author       = {Page, Ewas S},
	year         = 1954,
	journal      = {Biometrika},
	publisher    = {[Oxford University Press, Biometrika Trust]},
	volume       = 41,
	number       = {1/2},
	pages        = {100--115},
	doi          = {10.2307/2333009},
	issn         = {00063444},
	url          = {https://doi.org/10.2307/2333009},
	urldate      = {2022-06-15}
}
@article{deequ,
	title        = {Automating Large-Scale Data Quality Verification},
	author       = {Schelter, Sebastian and Lange, Dustin and Schmidt, Philipp and Celikel, Meltem and Biessmann, Felix and Grafberger, Andreas},
	year         = 2018,
	month        = {aug},
	journal      = {Proc. VLDB Endow.},
	publisher    = {VLDB Endowment},
	volume       = 11,
	number       = 12,
	pages        = {1781–1794},
	doi          = {10.14778/3229863.3229867},
	issn         = {2150-8097},
	url          = {https://doi.org/10.14778/3229863.3229867},
	issue_date   = {August 2018},
	numpages     = 14
}
@software{plotlypy,
	title        = {{Plotly.py: The interactive graphing library for Python (includes Plotly Express)}},
	author       = {{Plotly Development Team}},
	year         = 2022,
	month        = 6,
	url          = {https://github.com/plotly/plotly.py},
	version      = {5.8.2},
	license      = {MIT}
}
@article{rahm2000data,
	title        = {Data cleaning: Problems and current approaches},
	author       = {Rahm, Erhard and Do, Hong Hai},
	year         = 2000,
	journal      = {IEEE Data Eng. Bull.},
	volume       = 23,
	number       = 4,
	pages        = {3--13}
}
@software{kibana,
	title        = {{Kibana}},
	author       = {Elastic},
	year         = 2022,
	url          = {https://github.com/elastic/kibana},
	license      = {Elastic License 2.0}
}
