
@InProceedings{ geoffrey_poore-proc-scipy-2017,
  author    = { {G}eoffrey {M}. {P}oore },
  title     = { {B}esp{O}{N}:  {E}xtensible config files with multiline strings, lossless round-tripping, and hex floats },
  booktitle = { {P}roceedings of the 16th {P}ython in {S}cience {C}onference },
  pages     = { 12 - 19 },
  year      = { 2017 },
  editor    = { {K}aty {H}uff and {D}avid {L}ippa and {D}illon {N}iederhut and {M} {P}acer },
  doi       = { 10.25080/shinma-7f4c6e7-003 }
}
