
@InProceedings{ kyle_niemeyer-proc-scipy-2016,
  author    = { {K}yle {E}. {N}iemeyer },
  title     = { {P}y{T}e{C}{K}: a {P}ython-based automatic testing package for chemical kinetic models },
  booktitle = { {P}roceedings of the 15th {P}ython in {S}cience {C}onference },
  pages     = { 82 - 89 },
  year      = { 2016 },
  editor    = { {S}ebastian {B}enthall and {S}cott {R}ostrup },
  doi       = { 10.25080/Majora-629e541a-00c }
}
