@InProceedings{ mckinney-proc-scipy-2010,
  author    = { {M}c{K}inney, {W}es },
  title     = { {D}ata {S}tructures for {S}tatistical {C}omputing in {P}ython },
  booktitle = { {P}roceedings of the 9th {P}ython in {S}cience {C}onference },
  pages     = { 56 - 61 },
  year      = { 2010 },
  editor    = { {S}t\'efan van der {W}alt and {J}arrod {M}illman },
	note = {\url{https://doi.org/10.25080/Majora-92bf1922-00a}},
}

@InProceedings{ niels_bantilan-proc-scipy-2020,
  author    = { {B}antilan, {N}iels },
  title     = { pandera: {S}tatistical {D}ata {V}alidation of {P}andas {D}ataframes },
  booktitle = { {P}roceedings of the 19th {P}ython in {S}cience {C}onference },
  pages     = { 116 - 124 },
  year      = { 2020 },
  editor    = { {M}eghann {A}garwal and {C}hris {C}alloway and {D}illon {N}iederhut and {D}avid {S}hupe },
	note = {\url{https://doi.org/10.25080/Majora-342d178e-010}},
}

@book{van2018statistical,
  title={Statistical data cleaning with applications in R},
  author={Van der Loo, Mark and De Jonge, Edwin},
  year={2018},
  publisher={Wiley Online Library}
}

@misc{pandera-pr-913,
  title = {core and backend pandera API internals rewrite},
  url = {https://github.com/unionai-oss/pandera/pull/913},
  author    = { {B}antilan, {N}iels },
  note = {Accessed: 2 June 2023},
  year = {2023}
}

@misc{pandera-pr-1109,
  title = {internals rewrite: clean up checks and hypothesis functionality},
  url = {https://github.com/unionai-oss/pandera/pull/1109},
  author    = { {B}antilan, {N}iels },
  note = {Accessed: 2 June 2023},
  year = {2023}
}

@misc{pandera-pr-660,
  title = {Modin support},
  author    = { {B}antilan, {N}iels },
  url = {https://github.com/unionai-oss/pandera/pull/660},
  note = {Accessed: 26 June 2023},
  year = {2023}
}

@misc{pyopensci,
  title = {pyOpenSci},
  url = {https://www.pyopensci.org/},
  note = {Accessed: 2 June 2023}
}

@misc{pydantic,
  title = {pydantic},
  url = {https://docs.pydantic.dev/latest/},
  note = {Accessed: 2 June 2023}
}

@article{MacIver2019Hypothesis,
  journal = {Journal of Open Source Software},
	note = {\url{https://doi.org/10.21105/joss.01891}},
  issn = {2475-9066},
  number = {43},
  publisher = {The Open Journal},
  title = {Hypothesis: A new approach to property-based testing},
  url = {http://dx.doi.org/10.21105/joss.01891},
  volume = {4},
  author = {MacIver, David and Hatfield-Dodds, Zac and Contributors, Many},
  pages = {1891},
  date = {2019-11-21},
  year = {2019},
  month = {11},
  day = {21},
}

@software{kelsey_jordahl_2020_3946761,
  author       = {Kelsey Jordahl and
                  Joris Van den Bossche and
                  Martin Fleischmann and
                  Jacob Wasserman and
                  James McBride and
                  Jeffrey Gerard and
                  Jeff Tratner and
                  Matthew Perry and
                  Adrian Garcia Badaracco and
                  Carson Farmer and
                  Geir Arne Hjelle and
                  Alan D. Snow and
                  Micah Cochran and
                  Sean Gillies and
                  Lucas Culbertson and
                  Matt Bartos and
                  Nick Eubank and
                  maxalbert and
                  Aleksey Bilogur and
                  Sergio Rey and
                  Christopher Ren and
                  Dani Arribas-Bel and
                  Leah Wasser and
                  Levi John Wolf and
                  Martin Journois and
                  Joshua Wilson and
                  Adam Greenhall and
                  Chris Holdgraf and
                  Filipe and
                  Fran√ßois Leblanc},
  title        = {geopandas/geopandas: v0.8.1},
  month        = jul,
  year         = 2020,
  publisher    = {Zenodo},
  version      = {v0.8.1},
	note = {\url{https://doi.org/10.5281/zenodo.3946761}},
  url          = {https://doi.org/10.5281/zenodo.3946761}
}

@InProceedings{ matthew_rocklin-proc-scipy-2015,
  author    = { {R}ocklin, {M}atthew },
  title     = { {D}ask: {P}arallel {C}omputation with {B}locked algorithms and {T}ask {S}cheduling },
  booktitle = { {P}roceedings of the 14th {P}ython in {S}cience {C}onference },
  pages     = { 126 - 132 },
  year      = { 2015 },
  editor    = { {K}athryn {H}uff and {J}ames {B}ergstra },
	note = {\url{https://doi.org/10.25080/Majora-7b98e3ed-013}},
}

@misc{petersohn2020scalable,
      title={Towards Scalable Dataframe Systems},
      author={Devin Petersohn and Stephen Macke and Doris Xin and William Ma and Doris Lee and Xiangxi Mo and Joseph E. Gonzalez and Joseph M. Hellerstein and Anthony D. Joseph and Aditya Parameswaran},
      year={2020},
      eprint={2001.00888},
      archivePrefix={arXiv},
      primaryClass={cs.DB},
	note = {\url{https://doi.org/10.48550/arXiv.2001.00888}},
}

@misc{pyspark-pandas,
  title = {pysparkPandas},
  url = {https://spark.apache.org/docs/latest/api/python/reference/pyspark.pandas/index.html},
  note = {Accessed: 2 June 2023}
}
