
@InProceedings{ christian_mcdaniel-proc-scipy-2018,
  author    = { {C}hristian {M}c{D}aniel and {S}hannon {Q}uinn },
  title     = { {D}eveloping a {S}tart-to-{F}inish {P}ipeline for {A}ccelerometer-{B}ased {A}ctivity {R}ecognition {U}sing {L}ong {S}hort-{T}erm {M}emory {R}ecurrent {N}eural {N}etworks },
  booktitle = { {P}roceedings of the 17th {P}ython in {S}cience {C}onference },
  pages     = { 31 - 40 },
  year      = { 2018 },
  editor    = { {F}atih {A}kici and {D}avid {L}ippa and {D}illon {N}iederhut and {M} {P}acer },
  doi       = { 10.25080/Majora-4af1f417-005 }
}
