@Article{OR16,
  author = "Javier Ordonez and Daniel Roggen",
  year = 2016,
  title = "Deep Convolutional and LSTM Recurrent Neural Networks for Multimodal Wearable Activity Recognition",
  journal = "Sensors",
}

@Article{CZZZ16,
  author = "Yuwen Chen and Kunhua Zhong and Ju Zhang and Xueliang Zhao",
  year = "2016",
  title = "LSTM Networks for Mobile Human Activity Recognition",
  journal = "2016 International Conference on Artificial Intelligence",
}

@Article{LC12,
  author = "Myeong-Chun Lee and Sung-Bae Cho",
  year = "2012",
  title = "Mobile Gesture Recognition using Hierarchical Recurrent Neural Network with Bidirectional Long Short-Term Memory",
  journal = "6th International Conference on Mobile Ubiquitous Computing, Systems, Services and Technologies",
}

@Article{REBS17,
  author = "Aliaa Rassem and Mohammed El-Beltagy and Mohamed Saleh",
  year = "2017",
  title = "Cross-Country Skiing Gears Classification using Deep Learning",
  journal = "ArXiv",
}

@Techreport{SS17,
  author = "Henrik Sjostrum and Carlos Nieves Sanchez",
  year = "2017",
  title = "DeepConvLSTM on single accelerometer locomotion recognition",
  institution = "UMEA Universitet",
}

@Article{KDD17,
  author = "Konstantinos Kyritsis and Christos Diou and Anastasios Delopoulos",
  year = "2017",
  title = "Food Intake Detection from Inertial Sensors Using LSTM Networks",
  journal = "New Trends in Image Analysis and Processing - ICIAP",
}

@Techreport{WA17,
  author = "Elias Wu and Paa Adu",
  year = "2017",
  title = "What Am I Doing - Robust Human Activity Detection with Smartphones Athletics and Sensing Devices",
  institution = "Stanford University",
}

@Article{RVCK17,
  author = "Patricio Rivera and Edwin Valerezo and Mun-Taik Choi and Tae-Seong Kim",
  year = "2017",
  title = "Recognition of Human Hand Activities Based on a Single Wrist IMU Using Recurrent Neural Networks",
  journal = "International Journal of Pharma Medicine and Biological Sciences",
}

@Techreport{GRX16,
  author = "Weixuan Gao and Chuanwei Ruan and Rui Xu",
  year = "2016",
  title = "Sensor-based Semantic-level Human Activity Recognition using Temporal Classification",
  institution = "Stanford University",
  }

@Article{U18,
  author = "Chandini U",
  year = "2018",
  title = "A Machine Learning based Activity Recognition for Ambient Assisted Living",
  journal = "International Journal on Future Revolution in Computer Science and Communication Engineering",
  volume = 4,
  number = 3,
}

@Article{ZYCG17,
  author = "Yu Zhao and Rennong Yang and Guillaume Chevalier and Maoguo Gong",
  year = "2017",
  title = "Deep Residual Bidir-LSTM for Human Activity Recognition Using Wearable Sensors",
  journal = "ArXiv",
}

@Mastersthesis{Ber17,
  author = "Victor Bergelin",
  year = "2017",
  title = "Human Activity Recognition and Behavioral Prediction using Wearable Sensors and Deep Learning",
  school = "Linkopings Universitet Matematiska Institutionen",
}

@Mastersthesis{Set18,
  author = "Dan Setterquist",
  year = "2018",
  title = "Using a Smartphone to Detect the Standing-to-Kneeling and Kneeling- to-Standing Postural Transitions",
  school = "KTH Royal Institute of Technology School of Electrical Engineering and Computer Science",
}

@Mastersthesis{Bro17,
  author = "Sofia Broome",
  year = "2017",
  title = "Objectively recognizing human activity in body-worn sensor data with more or less deep neural networks",
  school = "KTH Royal Institute of Technology School of Computer Science and Communication",
}

@Article{MAR+16,
  author = "Arnaud Moreau and Peter Anderer and Marco Ross and Andreas Cerny and Timothy Almazan and Barry Peterson",
  year = "2016",
  title = "Detection of Nocturnal Scratching Movements in Patients with Atopic Dermatitis Using Accelerometers and Recurrent Neural Networks",
  journal = "IEEE Journal of Biomedical and Health Informatics",
}

@Article{SS16,
  author = "Sungho Shin and Wonyong Sung",
  year = "2016",
  title = "Dynamic Hand Gesture Recognition for Wearable Devices with Low Complexity Recurrent Neural Networks",
  journal = "2016 IEEE International Symposium on Circuits and Systems - ISCAS",
}

@Article{GP17,
  author = "Yu Guan and Thomas Plotz",
  year = "2017",
  title = "Ensembles of Deep LSTM Learners for Activity Recognition using Wearables",
  journal = "Proceedings of the ACM on Interactive, Mobile, Wearable and Ubiquitous Technologies",
}

@Article{CFF+17,
  author = "Eduardo Carvalho and Bruno V Ferreira and Jair Ferreira and Cleidson de Souza and Hanna V Carvalho and Yoshihiko Suhara and Alex Sandy Pentland and Gustavo Pessin",
  year = "2017",
  title = "Exploiting the Use of Recurrent Neural Networks for Driver Behavior Profiling",
  journal = "2017 International Joint Conference on Neural Networks - IJCNN",
}

@Book{LBMG15,
  author = "Gregoire Lefebvre and Samuel Berlemont and Franck Mamalet and Christophe Garcia",
  year = "2015",
  title = "Inertial Gesture Recognition with BLSTM-RNN",
  address = "Switzerland",
  publisher = "Springer Series in Bio-/Neuroinformatics 4 - Artificial Neural Networks",
  pages = "393--410",
}

@Article{ZWYM16,
  author = "Rui Zhao and Jinjiang Wang and Ruqiang Yan and Kezhi Mao",
  year = "2016",
  title = "Machine Health Monitoring with LSTM Networks",
  journal = "2016 10th International Conference on Sensing Technology - ICST",
}

@Article{HDJS18,
  author = "B Hu and PC Dixon and JV Jacobs and JM Schiffman",
  year = "2018",
  title = "Machine learning algorithms based on signals from a single wearable inertial sensor can detect surface- and age-related differences in walking",
  journal = "Journal of Biomechanics",
}

@Article{ZYH+18,
  author = "Xiang Zhang and Lina Yao and Chaoran Huang and Sen Wang and Mingkui Tan and Guodong Long and Can Wang",
  year = "2018",
  title = "Multi-modality Sensor Data Classification with Selective Attention",
  journal = "2018 International Joint Conference on Artificial Intelligence At Stockholm, Sweden",
}

@Article{MMB+18,
  author = "Mirto Musci and Daniele De Martini and Nicola Blago and Tullio Facchinetti and Marco Piastra",
  year = "2018",
  title = "Online Fall Detection using Recurrent Neural Networks",
  journal = "ArXiv",
}

@Article{SKP18,
  author = "W Seok and Y Kim and C Park",
  year = "2018",
  title = "Pattern Recognition of Human Arm Movement Using Deep Reinforcement Learning",
  journal = "2018 International Conference on Information Networking - ICOIN",
}

@Article{FFH+16,
  author = "Madalina Fiterau and Jason Fries and Eni Halilaj and Nopphon Siranart and Suvrat Bhooshan and Christopher Re",
  year = "2016",
  title = "Similarity-based LSTMs for Time Series Representation Learning in the Presence of Structured Covariates",
  journal = "29th Conference on Neural Information Processing Systems - NIPS 2016",
}

@Book{JWHT17,
  author = "Gareth James and Daniela Witten and Trevor Hastie and Robert Tibshirani",
  year = "2017",
  title = "An Introduction to Statistical Learning",
  address = "New York",
  publisher = "Springer",
}

@Article{WRSN14,
  author = "Simon Wiesler and Alexander Richard and Ralf Schluter and Hermann Ney",
  year = "2014",
  title = "Mean-normalized stochastic gradient for large-scale deep learning",
  journal = "IEEE International Conference on Acoustics, Speech and Signal Processing",
}

@Book{HTF17,
  author = "Trevor Hastie and Robert Tibshirani and Jerome Friedman",
  year = "2017",
  title = "The elements of statistical learning",
  publisher = "Springer",
}

@Article{BBBK11,
  author = "James Bergstra and Remi Bardenet and Yoshua Bengio and Balazs Kegl",
  year = "2011",
  title = "Algorithms for Hyper-Parameter Optimization",
  journal = "NIPS",
}

@Article{PMB13,
  author = "Razvan Pascanu and Tomas Mikolov and Yoshua Bengio",
  year = "2013",
  title = "On the difficulty of training recurrent neural networks",
  journal = "ArXiv",
}

@Article{ROGA+13,
  author = "Jorge Luis Reyes-Ortiz and Alessandro Ghio and Davide Anguita and Xavier Parra and Joan Cabestany and Andreu Catala",
  year = "2013",
  title = "Human Activity and Motion Disorder Recognition - Towards Smarter Interactive Cognitive Environments",
  journal = "21th European Symposium on Artificial Neural Networks, Computational Intelligence and Machine Learning, ESANN 2013",
}

@Article{AGO+13b,
  author = "Davide Anguita and Alessandro Ghio and Luca Oneto and Xavier Parra and Jorge L Reyes-Ortiz",
  year = "2013",
  title = "A Public Domain Dataset for Human Activity Recognition Using Smartphones",
  journal = "21th European Symposium on Artificial Neural Networks, Computational Intelligence and Machine Learning, ESANN 2013",
}

@Article{AGO+13a,
  author = "Davide Anguita and Alessandro Ghio and Luca Oneto and Xavier Parra and Jorge L Reyes-Ortiz",
  year = "2013",
  title = "Energy Efficient Smartphone-Based Activity Recognition using Fixed-Point Arithmetic",
  journal = "Journal of Universal Computer Science, Special Issue in Ambient Assisted Living - Home Care",
}

@Article{MKS17,
  author = "Stephen Merity and Nitish Shirish Keskar and Richard Socher",
  year = "2017",
  title = "Regularizing and Optimizing LSTM Language Models",
  journal = "ArXiv",
}

@Article{KJFF15,
  author = "Andrej Karpathy and Justin Johnson and Li Fei-Fei",
  year = "2015",
  title = "Visualizing and Understanding Recurrent Networks",
  journal = "ArXiv",
}

@Article{PW17,
  author = "Ofir Press and Lior Wolf",
  year = "2017",
  title = "Using the Output Embedding to Improve Language Models",
  journal = "ArXiv",
}

@Article{RG17,
  author = "Nils Reimers and Iryna Gurevych",
  year = "2017",
  title = "Optimal Hyperparameters for Deep LSTM-Networks for Sequence Labeling Tasks",
  journal = "ArXiv",
}

@Article{KHC10,
  author = "Eunju Kim and Sumi Helal and Diane Cook",
  year = "2010",
  title = "Human Activity Recognition and Pattern Discovery",
  journal = "IEEE Persuasive Computing",
  volume = 9,
  number = 1,
}

@Article{RDML05,
  author = "Nishkam Ravi and Nikhil Dandekar and Preetham Mysore and Michael L Littman",
  year = "2005",
  title = "Activity Recognition from Accelerometer Data",
  journal = "IAAI 2005 Proceedings of the 17th conference on Innovative applications of artificial intelligence",
  volume = "3",
  pages = "1541--1546",
}

@Article{BI04,
  author = "Ling Bao and Stephen S Intille",
  year = "2004",
  title = "Activity Recognition from User-Annotated Acceleration Data",
  journal = "Springer-Verlag",
}

@Article{MS10,
  author = "Andrea Mannini and Angelo Maria Sabatini",
  year = "2010",
  title = "Machine Learning Methods for Classifying Human Physical Activity from On-Body Accelerometers",
  journal = "Sensors",
}

@Techreport{GBGG16,
  author = "Hristijan Gjoreski and Jani Bizjak and Martin Gjoreski and Marjaz Gams",
  year = "2016",
  title = "Comparing Deep and Classical Machine Learning Methods for Human Activity Recognition using Wrist Accelerometer",
  institution = "Jozef Stefan Institute Department of Intelligent Systems",
}

@Article{ZSO17,
  author = "Tahmina Zebin and Patricia J Scully and Krikor B Ozanyan",
  year = "2017",
  title = "Human Activity Recognition with Inertial Sensors using a Deep Learning Approach",
  journal = "Sensors, 2016 IEEE",
}

@Article{WZ89,
  author = "Ronald J Williams and David Zipser",
  year = "1989",
  title = "A Learning Algorithm for Continually Running Fully Recurrent Neural Networks",
  journal = "Neural Computation",
}

@Article{HS97,
  author = "Sepp Hochreiter and Jurgen Schmidhuber",
  year = "1997",
  title = "Long Short-term Memory",
  journal = "Neural Computation",
}

@Article{GSS02,
  author = "Felix A Gers and Nicol N Schraudolph and Jurgen Schmidhuber",
  year = "2002",
  title = "Learning Precise Timing with LSTM Recurrent Networks",
  journal = "Journal of Machine Learning Research",
}

@Article{BTvHS98,
  author = "JB Bussmann and JH Tulen and EC van Herel and HJ Stam",
  year = "1998",
  title = "Quantification of physical activities by means of ambulatory accelerometry - a validation study",
  journal = "Psychophysiology",
}

@Article{BMT+01,
  author = "JB Bussmann and WL Martens and JH Tulen and FC Shasfoort and HJ van den Berg-Emons and HJ Stam",
  year = "2001",
  title = "Measuring daily behavior using ambulatory accelerometry - the activity monitor",
  journal = "Behavior Research Methods, Instruments, and Computers",
}

@Article{JZS15,
  author = "Rafal Jozefowicz and Wojciech Zaremba and Ilya Sutskever",
  year = "2015",
  title = "An Empirical Exploration of Recurrent Network Architectures",
  journal = "32nd International Conference on Machine Learning",
}

@Article{KB05,
  author = "Douglas M Kline and Victor L Berardi",
  year = "2005",
  title = "Revisiting squared-error and cross-entropy functions for training neural network classifiers",
  journal = "Neural Computing and Applications",
  volume = 14,
  number = 4,
  pages = "310--318",
}

@Article{MP17,
  author = "Abdulmajid Murad and Jae-Young Pyun",
  year = 2017,
  title = "Deep Recurrent Neural Networks for Human Activity Recognition",
  journal = "Sensors",
  volume = 17,
  number = 11,
}

@Article{KMDH18,
  author = "Fazle Karim and Somshubra Majumdar and Houshang Darabi and Samuel Harford",
  year = 2018,
  title = "Multivariate LSTM-FCNs for Time Series Classification",
  journal = "ArXiv",
}

@Article{MP43,
  author = "WS McCulloch and W Pitts",
  year = 1943,
  title = "A logical calculus of the ideas immanent in neurons activity",
  journal = "Bulletin of Mathematical Biology",
  volume = 5,
  number = 4,
  pages = "115--133",
}

@Book{Ger17,
  author = "Aurelien Geron",
  year = 2017,
  title = "Hands-On Machine Learning with Scikit-Learn and TensorFlow",
  address = "Sebastopol, CA",
  publisher = "OReilly Media, Inc.",
  pages = "253--413",
}

@Techreport{Ros57,
  author = "Frank Rosenblatt",
  year = 1957,
  title = "The Perceptron - A Perceiving and Recognizing Automation",
  institution = "Cornell Aeronautical Laboratory",
}

@Techreport{Mil18,
  author = "John A Miller",
  year = "2018",
  title = "Introduction to Data Science Using ScalaTion",
  institution = "University of Georgia Department of Computing Science",
}

@Article{HHP16,
  author = "Nils Y Hammerla and Shane Holloran and Thomas Ploetz",
  year = "2016",
  title = "Deep, Convolutional, and Recurrent Models for Human Activity Recognition using Wearables",
  journal = "ArXiv",
}
