@book{hahn1991statistical,
  title={Statistical intervals: a guide for practitioners},
  author={Hahn, Gerald J and Meeker, William Q},
  year={1991},
  publisher={John Wiley \& Sons},
  doi={10.1002/9780470316771.ch5}
}

@inproceedings{hanson2010applying,
	title = {Applying Monte Carlo Simulation to Launch Vehicle Design and Requirements Verification},
	author = {John Hanson and Bernard Beard},
	publisher = {American Institute of Aeronautics and Astronautics},
	booktitle = {{AIAA} Guidance, Navigation, and Control Conference},
	year = {2010},
	doi = {10.2514/6.2010-8433}
}

@inproceedings{rocklin2015dask,
  title={Dask: Parallel computation with blocked algorithms and task scheduling},
  author={Rocklin, Matthew},
  booktitle={Proceedings of the 14th python in science conference},
  volume={130},
  pages={136},
  year={2015},
  organization={Citeseer},
  doi={10.25080/majora-7b98e3ed-013}
}

@article{saltelli2019so,
  title={Why so many published sensitivity analyses are false: A systematic review of sensitivity analysis practices},
  author={Saltelli, Andrea and Aleksankina, Ksenia and Becker, William and Fennell, Pamela and Ferretti, Federico and Holst, Niels and Li, Sushan and Wu, Qiongli},
  journal={Environmental modelling \& software},
  volume={114},
  pages={29--39},
  year={2019},
  publisher={Elsevier},
  doi={10.1016/j.envsoft.2019.01.012}
}

@article{sheikholeslami2020fresh,
  title={A fresh look at variography: measuring dependence and possible sensitivities across geophysical systems from any given data},
  author={Sheikholeslami, Razi and Razavi, Saman},
  journal={Geophysical Research Letters},
  volume={47},
  number={20},
  pages={e2020GL089829},
  year={2020},
  publisher={Wiley Online Library},
  doi={10.1029/2020gl089829}
}

@article{virtanen2020scipy,
  title={SciPy 1.0: fundamental algorithms for scientific computing in Python},
  author={Virtanen, Pauli and Gommers, Ralf and Oliphant, Travis E and Haberland, Matt and Reddy, Tyler and Cournapeau, David and Burovski, Evgeni and Peterson, Pearu and Weckesser, Warren and Bright, Jonathan and others},
  journal={Nature methods},
  volume={17},
  number={3},
  pages={261--272},
  year={2020},
  publisher={Nature Publishing Group},
  doi={10.14293/s2199-1006.1.sor-life.a7056644.v1.rysreg}
}

@article{salvatier2016probabilistic,
  title={Probabilistic programming in Python using PyMC3},
  author={Salvatier, John and Wiecki, Thomas V and Fonnesbeck, Christopher},
  journal={PeerJ Computer Science},
  volume={2},
  pages={e55},
  year={2016},
  publisher={PeerJ Inc.},
  doi={10.7717/peerj-cs.55}
}

@article{razavi2021future,
  title={The future of sensitivity analysis: An essential discipline for systems modeling and policy support},
  author={Razavi, Saman and Jakeman, Anthony and Saltelli, Andrea and Prieur, Cl{\'e}mentine and Iooss, Bertrand and Borgonovo, Emanuele and Plischke, Elmar and Piano, Samuele Lo and Iwanaga, Takuya and Becker, William and others},
  journal={Environmental Modelling \& Software},
  volume={137},
  pages={104954},
  year={2021},
  publisher={Elsevier},
  doi={10.1016/j.envsoft.2020.104954}
}

@article{sobol1967distribution,
  title={On the distribution of points in a cube and the approximate evaluation of integrals},
  author={Sobol, Ilya M},
  journal={Zhurnal Vychislitel'noi Matematiki i Matematicheskoi Fiziki},
  volume={7},
  number={4},
  pages={784--802},
  year={1967},
  publisher={Russian Academy of Sciences, Branch of Mathematical Sciences},
  doi={10.1016/0041-5553(67)90144-9}
}

@inproceedings{perrier2018sequences,
  title={Sequences with low-discrepancy blue-noise 2-D projections},
  author={Perrier, H{\'e}l{\`e}ne and Coeurjolly, David and Xie, Feng and Pharr, Matt and Hanrahan, Pat and Ostromoukhov, Victor},
  booktitle={Computer Graphics Forum},
  volume={37},
  number={2},
  pages={339--353},
  year={2018},
  organization={Wiley Online Library},
  doi={10.1111/cgf.13366}
}

@article{owen2020dropping,
  title={On dropping the first Sobol'point},
  author={Owen, Art B},
  journal={arXiv preprint arXiv:2008.08051},
  year={2020},
  doi={10.48550/arXiv.2008.08051}
}

@book{dick2010digital,
  title={Digital nets and sequences: discrepancy theory and quasi--Monte Carlo integration},
  author={Dick, Josef and Pillichshammer, Friedrich},
  year={2010},
  publisher={Cambridge University Press},
  DOI = {10.1017/CBO9780511761188}
}

@article{joe2008constructing,
  title={Constructing Sobol sequences with better two-dimensional projections},
  author={Joe, Stephen and Kuo, Frances Y},
  journal={SIAM Journal on Scientific Computing},
  volume={30},
  number={5},
  pages={2635--2654},
  year={2008},
  publisher={SIAM},
  doi={10.1137/070709359}
}

@article{dyer1992volumes,
  title={Volumes spanned by random points in the hypercube},
  author={Dyer, Martin E. and F{\"u}redi, Zoltan and McDiarmid, Colin},
  journal={Random Structures \& Algorithms},
  volume={3},
  number={1},
  pages={91--106},
  year={1992},
  publisher={Wiley Online Library},
  doi={10.1002/rsa.3240030107}
}

@article{razavi2016new,
  title={A new framework for comprehensive, robust, and efficient global sensitivity analysis: 1. Theory},
  author={Razavi, Saman and Gupta, Hoshin V},
  journal={Water Resources Research},
  volume={52},
  number={1},
  pages={423--439},
  year={2016},
  publisher={Wiley Online Library},
  doi={10.1002/2015wr017558}
}

@book{saltelli2008global,
  title={Global sensitivity analysis: the primer},
  author={Saltelli, Andrea and Ratto, Marco and Andres, Terry and Campolongo, Francesca and Cariboni, Jessica and Gatelli, Debora and Saisana, Michaela and Tarantola, Stefano},
  year={2008},
  publisher={John Wiley \& Sons},
  doi={10.1002/9780470725184}
}

@article{puy2022comprehensive,
  title={A comprehensive comparison of total-order estimators for global sensitivity analysis},
  author={Puy, Arnald and Becker, William and Piano, Samuele Lo and Saltelli, Andrea},
  journal={International Journal for Uncertainty Quantification},
  volume={12},
  number={2},
  year={2022},
  publisher={Begel House Inc.},
  doi={10.1615/int.j.uncertaintyquantification.2021038133}
}

@article{sobol2001global,
  title={Global sensitivity indices for nonlinear mathematical models and their Monte Carlo estimates},
  author={Sobol, Ilya M},
  journal={Mathematics and computers in simulation},
  volume={55},
  number={1-3},
  pages={271--280},
  year={2001},
  publisher={Elsevier},
  doi={10.1016/s0378-4754(00)00270-6}
}

@article{azzini2020uncertainty,
  title={Uncertainty and Sensitivity Analysis for policy decision making},
  author={Azzini, I and Listorti, G and Mara, TA and Rosati, R},
  journal={An Introductory Guide. Joint Research Centre, European Commission, Luxembourg},
  year={2020},
  doi={10.2760/922129}
}

@misc{us2009guidance,
  title={Guidance on the Development, Evaluation, and Application of Environmental Models (EPA/100/K-09/003)},
  author={US EPA},
  year={2009},
  publisher={Office of the Science Advisor, Council for Regulatory Environmental Modeling},
  url={https://nepis.epa.gov/Exe/ZyPDF.cgi?Dockey=P1003E4R.PDF},
}

@article{OLIVIER2020101204,
title = {UQpy: A general purpose Python package and development environment for uncertainty quantification},
journal = {Journal of Computational Science},
volume = {47},
pages = {101204},
year = {2020},
issn = {1877-7503},
doi = {10.1016/j.jocs.2020.101204},
author = {Audrey Olivier and Dimitris G. Giovanis and B.S. Aakash and Mohit Chauhan and Lohit Vandanapu and Michael D. Shields}
}

@article{razavi2021future,
  title={The future of sensitivity analysis: An essential discipline for systems modeling and policy support},
  author={Razavi, Saman and Jakeman, Anthony and Saltelli, Andrea and Prieur, Cl{\'e}mentine and Iooss, Bertrand and Borgonovo, Emanuele and Plischke, Elmar and Piano, Samuele Lo and Iwanaga, Takuya and Becker, William and others},
  journal={Environmental Modelling \& Software},
  volume={137},
  pages={104954},
  year={2021},
  publisher={Elsevier},
  doi={10.1016/j.envsoft.2020.104954}
}

@article{ferretti2016trends,
  title={Trends in sensitivity analysis practice in the last decade},
  author={Ferretti, Federico and Saltelli, Andrea and Tarantola, Stefano},
  journal={Science of the total environment},
  volume={568},
  pages={666--670},
  year={2016},
  publisher={Elsevier},
  doi={10.1016/j.scitotenv.2016.02.133}
}

@article{DOUGLASSMITH2020104588,
  title = {Certain trends in uncertainty and sensitivity analysis: An overview of software tools and techniques},
  journal={Environmental Modelling \& Software},
  volume = {124},
  year = {2020},
  doi = {10.1016/j.envsoft.2019.104588},
  author = {Dominique Douglas-Smith and Takuya Iwanaga and Barry F.W. Croke and Anthony J. Jakeman},
}

@article{caflisch1998monte,
  title={Monte carlo and quasi-monte carlo methods},
  author={Caflisch, Russel E},
  journal={Acta numerica},
  volume={7},
  pages={1--49},
  year={1998},
  publisher={Cambridge University Press},
  doi={10.1017/S0962492900002804},
}

@inproceedings{christensen2018progressive,
  title={Progressive multi-jittered sample sequences},
  author={Christensen, Per and Kensler, Andrew and Kilpatrick, Charlie},
  booktitle={Computer Graphics Forum},
  volume={37},
  number={4},
  pages={21--33},
  year={2018},
  organization={Wiley Online Library},
  doi={10.1111/cgf.13472},
}

@article{salvatier2016probabilistic,
  title={Probabilistic programming in Python using PyMC3},
  author={Salvatier, John and Wiecki, Thomas V and Fonnesbeck, Christopher},
  journal={PeerJ Computer Science},
  volume={2},
  pages={e55},
  year={2016},
  publisher={PeerJ Inc.},
  doi={10.7717/peerj-cs.55}
}

@article{carpenter2017stan,
  title={Stan: A probabilistic programming language},
  author={Carpenter, Bob and Gelman, Andrew and Hoffman, Matthew D and Lee, Daniel and Goodrich, Ben and Betancourt, Michael and Brubaker, Marcus and Guo, Jiqiang and Li, Peter and Riddell, Allen},
  journal={Journal of statistical software},
  volume={76},
  number={1},
  year={2017},
  publisher={Columbia Univ., New York, NY (United States); Harvard Univ., Cambridge, MA~…},
  doi={10.18637/jss.v076.i01}
}

@article{shiffrin2008survey,
  title={A survey of model evaluation approaches with a tutorial on hierarchical Bayesian methods},
  author={Shiffrin, Richard M and Lee, Michael D and Kim, Woojae and Wagenmakers, Eric-Jan},
  journal={Cognitive Science},
  volume={32},
  number={8},
  pages={1248--1284},
  year={2008},
  publisher={Wiley Online Library},
  doi={10.1080/03640210802414826}
}

@misc{fivethirtyeight2020election,
  title={2020 General Election Forecast - State Topline Polls-Plus Data },
  author={FiveThirtyEight},
  day={15},
  month={October},
  year={2020},
  url={https://github.com/fivethirtyeight/data/tree/master/election-forecasts-2020}
}

@book{national2012assessing,
  title={Assessing the reliability of complex models: mathematical and statistical foundations of verification, validation, and uncertainty quantification},
  author={National Research Council and others},
  year={2012},
  publisher={National Academies Press},
  doi={10.17226/13395}
}

@book{kroese2013handbook,
  title={Handbook of monte carlo methods},
  author={Kroese, Dirk P and Taimre, Thomas and Botev, Zdravko I},
  year={2013},
  publisher={John Wiley \& Sons},
  doi={10.1002/9781118014967}
}
