
@InProceedings{ bradley_dice-proc-scipy-2019,
  author    = { {B}radley {D}. {D}ice and {V}yas {R}amasubramani and {E}ric {S}. {H}arper and {M}atthew {P}. {S}pellings and {J}oshua {A}. {A}nderson and {S}haron {C}. {G}lotzer },
  title     = { {A}nalyzing {P}article {S}ystems for {M}achine {L}earning and {D}ata {V}isualization with freud },
  booktitle = { {P}roceedings of the 18th {P}ython in {S}cience {C}onference },
  pages     = { 27 - 33 },
  year      = { 2019 },
  editor    = { {C}hris {C}alloway and {D}avid {L}ippa and {D}illon {N}iederhut and {D}avid {S}hupe },
  doi       = { 10.25080/Majora-7ddc1dd1-004 }
}
