@book{Oliphant2006a,
    title = {{A guide to NumPy}},
    year = {2006},
    author = {Oliphant, Travis E.},
    publisher = {Trelgol Publishing}
}

@article{Schoenholz2015,
    title = {{A structural approach to relaxation in glassy liquids}},
    year = {2015},
    journal = {Nature Physics},
    author = {Schoenholz, S S and Cubuk, E D and Kaxiras, E and Liu, a J},
    number = {February},
    pages = {1--11},
    doi = {10.1038/nphys3644},
    issn = {1745-2473},
    arxivId = {arXiv:1506.07772v2}
}

@article{Lechner2008,
    title = {{Accurate determination of crystal structures based on averaged local bond order parameters}},
    year = {2008},
    journal = {Journal of Chemical Physics},
    author = {Lechner, Wolfgang and Dellago, Christoph},
    number = {11},
    volume = {129},
    isbn = {0021-9606},
    doi = {10.1063/1.2977970},
    issn = {00219606},
    pmid = {19044980},
    arxivId = {arXiv:0806.3345v1}
}

@article{Steinhardt1983,
    title = {{Bond-orientational order in liquids and glasses}},
    year = {1983},
    journal = {Physical Review B},
    author = {Steinhardt, Paul J. and Nelson, David R and Ronchetti, Marco},
    number = {2},
    volume = {28}
}

@article{Behnel2011,
    title = {{Cython: The Best of Both Worlds}},
    year = {2011},
    journal = {Computing in Science {\&} Engineering},
    author = {Behnel, Stefan and Bradshaw, Robert and Citro, Craig and Dalcin, Lisandro and Seljebotn, Dag Sverre and Smith, Kurt},
    number = {2},
    month = {3},
    pages = {31--39},
    volume = {13},
    publisher = {IEEE Computer Society},
    doi = {10.1109/MCSE.2010.118},
    issn = {1521-9615},
    keywords = {Cython, Python, numerics, scientific computing}
}

@article{VanAnders2014c,
    title = {{Entropically patchy particles: Engineering valence through shape entropy}},
    year = {2014},
    journal = {ACS Nano},
    author = {van Anders, Greg and Ahmed, N. Khalid and Smith, Ross and Engel, Michael and Glotzer, Sharon C.},
    number = {1},
    pages = {931--940},
    volume = {8},
    isbn = {1936-0851},
    doi = {10.1021/nn4057353},
    issn = {19360851},
    pmid = {24359081},
    arxivId = {1304.7545},
    keywords = {patchy particles, shape entropy, superlattices}
}

@article{VanAnders2014d,
    title = {{Understanding shape entropy through local dense packing}},
    year = {2014},
    journal = {Proceedings of the National Academy of Sciences},
    author = {van Anders, Greg and Klotsa, Daphne and Ahmed, N. Khalid and Engel, Michael and Glotzer, Sharon C.},
    number = {45},
    pages = {E4812-E4821},
    volume = {111},
    isbn = {1091-6490 (Electronic){\textbackslash}r0027-8424 (Linking)},
    doi = {10.1073/pnas.1418159111},
    issn = {0027-8424},
    pmid = {25344532},
    arxivId = {1309.1187}
}

@article{Teich2019,
    title = {{Identity crisis in alchemical space drives the entropic colloidal glass transition}},
    year = {2019},
    journal = {Nature Communications},
    author = {Teich, Erin G. and van Anders, Greg and Glotzer, Sharon C.},
    number = {1},
    month = {12},
    pages = {64},
    volume = {10},
    publisher = {Nature Publishing Group},
    doi = {10.1038/s41467-018-07977-2},
    issn = {2041-1723},
    keywords = {Glasses, Thermodynamics}
}

@misc{Intel2018,
    title = {{Intel Threading Building Blocks}},
    year = {2018},
    author = {{Intel}},
    url = {https://www.threadingbuildingblocks.org/}
}

@article{Spellings2018,
    title = {{Machine learning for crystal identification and discovery}},
    year = {2018},
    journal = {AIChE Journal},
    author = {Spellings, Matthew and Glotzer, Sharon C.},
    number = {6},
    month = {6},
    pages = {2198--2206},
    volume = {64},
    publisher = {Wiley-Blackwell},
    isbn = {4692049316},
    doi = {10.1002/aic.16157},
    issn = {00011541},
    pmid = {23641116},
    arxivId = {1710.09861},
    keywords = {computational, crystal, data science, machine learning, self‐assembly}
}

@article{Michaud-Agrawal2011,
    title = {{MDAnalysis: A toolkit for the analysis of molecular dynamics simulations}},
    year = {2011},
    journal = {Journal of Computational Chemistry},
    author = {Michaud-Agrawal, Naveen and Denning, Elizabeth J. and Woolf, Thomas B. and Beckstein, Oliver},
    number = {10},
    month = {7},
    pages = {2319--2327},
    volume = {32},
    doi = {10.1002/jcc.21787},
    issn = {01928651}
}

@article{McGibbon2015,
    title = {{MDTraj: A Modern Open Library for the Analysis of Molecular Dynamics Trajectories}},
    year = {2015},
    journal = {Biophysical Journal},
    author = {McGibbon, Robert T. and Beauchamp, Kyle A. and Harrigan, Matthew P. and Klein, Christoph and Swails, Jason M. and Hern{\'{a}}ndez, Carlos X. and Schwantes, Christian R. and Wang, Lee-Ping and Lane, Thomas J. and Pande, Vijay S.},
    number = {8},
    month = {10},
    pages = {1528--1532},
    volume = {109},
    publisher = {Cell Press},
    doi = {10.1016/J.BPJ.2015.08.015},
    issn = {0006-3495}
}

@article{Damasceno2012,
    title = {{Predictive Self-Assembly of Polyhedra into Complex Structures}},
    year = {2012},
    journal = {Science},
    author = {Damasceno, Pablo F. and Engel, Michael and Glotzer, Sharon C.},
    number = {6093},
    month = {7},
    pages = {453--457},
    volume = {337},
    doi = {10.1126/science.1220869},
    issn = {0036-8075},
    pmid = {22837525}
}

@article{Cersonsky2018a,
    title = {{Pressure-Tunable Photonic Band Gaps in an Entropic Colloidal Crystal}},
    year = {2018},
    journal = {Physical Review Materials},
    author = {Cersonsky, Rose K. and Dshemuchadse, Julia and Antonaglia, James A. and van Anders, Greg and Glotzer, Sharon C.},
    pages = {125201},
    volume = {2},
    publisher = {American Physical Society},
    doi = {10.1103/PhysRevMaterials.2.125201},
    issn = {2475-9953},
    arxivId = {1803.06388}
}

@misc{Jones2001,
    title = {{SciPy: Open source scientific tools for Python}},
    year = {2001},
    author = {Jones, Eric and Oliphant, Travis and Peterson, Pearu and {others}},
    url = {https://www.scipy.org/}
}

@article{Anderson2017,
    title = {{Shape and Symmetry Determine Two-Dimensional Melting Transitions of Hard Regular Polygons}},
    year = {2017},
    journal = {Physical Review X},
    author = {Anderson, Joshua A. and Antonaglia, James and Millan, Jaime A. and Engel, Michael and Glotzer, Sharon C.},
    number = {2},
    month = {4},
    pages = {021001},
    volume = {7},
    publisher = {American Physical Society},
    doi = {10.1103/PhysRevX.7.021001},
    issn = {2160-3308}
}

@article{Tan2011BuildingDNA,
    title = {{Building plasmonic nanostructures with DNA}},
    year = {2011},
    journal = {Nature Nanotechnology},
    author = {Tan, Shawn J. and Campolongo, Michael J. and Luo, Dan and Cheng, Wenlong},
    number = {5},
    month = {5},
    pages = {268--276},
    volume = {6},
    publisher = {Nature Publishing Group},
    doi = {10.1038/nnano.2011.49},
    issn = {1748-3387},
    keywords = {DNA nanotechnology, Nanoparticles, Nanophotonics and plasmonics}
}

@article{Fulford2019,
    title = {{DeepIce: a Deep Neural Network Approach to Identify Ice and Water Molecules}},
    year = {2019},
    journal = {Journal of Chemical Information and Modeling},
    author = {Fulford, Maxwell and Salvalaglio, Matteo and Molteni, Carla},
    month = {3},
    pages = {acs.jcim.9b00005},
    publisher = {American Chemical Society},
    doi = {10.1021/acs.jcim.9b00005},
    issn = {1549-9596}
}

@article{Adorf2018,
    title = {{Inverse design of simple pair potentials for the self-assembly of complex structures}},
    year = {2018},
    journal = {The Journal of Chemical Physics},
    author = {Adorf, Carl S. and Antonaglia, James and Dshemuchadse, Julia and Glotzer, Sharon C.},
    number = {20},
    month = {11},
    pages = {204102},
    volume = {149},
    publisher = {AIP Publishing LLC},
    doi = {10.1063/1.5063802},
    issn = {0021-9606},
    keywords = {Fourier transform spectra, iterative methods, nanostructured materials, optimisation, potential energy functions, self-assembly}
}

@article{Harper2015,
    title = {{Shape allophiles improve entropic assembly}},
    year = {2015},
    journal = {Soft Matter},
    author = {Harper, Eric S. and Marson, Ryan L. and Anderson, Joshua A. and van Anders, Greg and Glotzer, Sharon C.},
    number = {37},
    month = {9},
    pages = {7250--7256},
    volume = {11},
    publisher = {The Royal Society of Chemistry},
    doi = {10.1039/C5SM01351H},
    issn = {1744-683X}
}

@article{Karas2016,
    title = {{Using depletion to control colloidal crystal assemblies of hard cuboctahedra}},
    year = {2016},
    journal = {Soft Matter},
    author = {Karas, Andrew S. and Glaser, Jens and Glotzer, Sharon C.},
    number = {23},
    month = {6},
    pages = {5199--5204},
    volume = {12},
    publisher = {The Royal Society of Chemistry},
    doi = {10.1039/C6SM00620E},
    issn = {1744-683X}
}

@article{Stukowski2010,
    title = {{Visualization and analysis of atomistic simulation data with OVITO–the Open Visualization Tool}},
    year = {2010},
    journal = {Modelling and Simulation in Materials Science and Engineering},
    author = {Stukowski, Alexander},
    number = {1},
    month = {1},
    pages = {015012},
    volume = {18},
    publisher = {IOP Publishing},
    doi = {10.1088/0965-0393/18/1/015012},
    issn = {0965-0393}
}

@misc{TensorFlow2015,
    title={ {TensorFlow}: Large-Scale Machine Learning on Heterogeneous Systems},
    url={https://www.tensorflow.org/},
    note={Software available from tensorflow.org},
    author={ Mart\'{\i}n~Abadi and Ashish~Agarwal and Paul~Barham and Eugene~Brevdo and Zhifeng~Chen and Craig~Citro and Greg~S.~Corrado and Andy~Davis and Jeffrey~Dean and Matthieu~Devin and Sanjay~Ghemawat and Ian~Goodfellow and Andrew~Harp and Geoffrey~Irving and Michael~Isard and Yangqing Jia and Rafal~Jozefowicz and Lukasz~Kaiser and Manjunath~Kudlur and Josh~Levenberg and Dandelion~Man\'{e} and Rajat~Monga and Sherry~Moore and Derek~Murray and Chris~Olah and Mike~Schuster and Jonathon~Shlens and Benoit~Steiner and Ilya~Sutskever and Kunal~Talwar and Paul~Tucker and Vincent~Vanhoucke and Vijay~Vasudevan and Fernanda~Vi\'{e}gas and Oriol~Vinyals and Pete~Warden and Martin~Wattenberg and Martin~Wicke and Yuan~Yu and Xiaoqiang~Zheng},
    year={2015},
}

@article{Anderson2008,
    title = "General purpose molecular dynamics simulations fully implemented on graphics processing units",
    journal = "Journal of Computational Physics",
    volume = "227",
    number = "10",
    pages = "5342 - 5359",
    year = "2008",
    issn = "0021-9991",
    doi = "https://doi.org/10.1016/j.jcp.2008.01.047",
    author = "Joshua A. Anderson and Chris D. Lorenz and A. Travesset",
    keywords = "Graphics processing unit, GPU, NVIDIA, CUDA, Molecular dynamics, Polymer systems",
}

@article{Glaser2015,
    author = {Glaser, Jens and Nguyen, Trung Dac and Anderson, Joshua A. and Lui, Pak and Spiga, Filippo and Millan, Jaime A. and Morse, David C. and Glotzer, Sharon C.},
    doi = {10.1016/j.cpc.2015.02.028},
    journal = {Computer Physics Communications},
    pages = {97--107},
    publisher = {Elsevier B.V.},
    title = {{Strong scaling of general-purpose molecular dynamics simulations on GPUs}},
    volume = {192},
    year = {2015}
}

@article{McInnes2018,
    archivePrefix = {arXiv},
    arxivId = {1802.03426},
    author = {McInnes, Leland and Healy, John},
    eprint = {1802.03426},
    month = {Feb},
    title = {{UMAP: Uniform Manifold Approximation and Projection for Dimension Reduction}},
    year = {2018}
}

@Article{Harper2019,
    author = {Harper, Eric S. and Waters, Brendon and Glotzer, Sharon C.},
    title = {Hierarchical self-assembly of hard cube derivatives},
    journal = "Soft Matter",
    year = "2019",
    volume = "15",
    issue = "18",
    pages = "3733-3739",
    publisher = "The Royal Society of Chemistry",
    doi = "10.1039/C8SM02619J",
}


@article{vanDerMaaten2008,
  author = {van der Maaten, Laurens and Hinton, Geoffrey},
  journal = {Journal of Machine Learning Research},
  pages = {2579--2605},
  title = {Visualizing Data using {t-SNE} },
  volume = 9,
  year = 2008
}

@article{Ramasubramani2019,
    archivePrefix = {arXiv},
    arxivId = {1906.06317},
    author = {Ramasubramani, Vyas and Dice, Bradley D. and Harper, Eric S. and Spellings, Matthew P and Anderson, Joshua A. and Glotzer, Sharon C.},
    eprint = {1906.06317},
    month = {June},
    title = {{freud: A Software Suite for High Throughput Analysis of Particle Simulation Data}},
    year = {2019}
}

@Article{Glotzer2007,
    author={Glotzer, Sharon C.
        and Solomon, Michael J.},
    title={Anisotropy of building blocks and their assembly into complex structures},
    journal={Nature Materials},
    year={2007},
    month={Aug},
    day={01},
    publisher={Nature Publishing Group},
    volume={6},
    pages={557-562},
    url={https://doi.org/10.1038/nmat1949}
}

@article{Simon2019,
    author = {Simon, Anna J and Zhou, Yi and Ramasubramani, Vyas and Glaser, Jens and Pothukuchy, Arti and Gollihar, Jimmy and Gerberich, Jillian C. and Leggere, Janelle and Morrow, Barrett R and Jung, Cheulhee and Glotzer, Sharon C and Taylor, David W and Ellington, Andrew D},
    doi = {10.1038/s41557-018-0196-3},
    issn = {1755-4330},
    journal = {Nature Chemistry},
    pages = {204--212},
    publisher = {Springer US},
    title = {{Supercharging enables organized assembly of synthetic biomolecules}},
    volume = {11},
    year = {2019}
}

@article{Plimpton1995,
    author = {Plimpton, Steve},
    doi = {10.1006/JCPH.1995.1039},
    issn = {0021-9991},
    journal = {Journal of Computational Physics},
    month = {Mar},
    number = {1},
    pages = {1--19},
    publisher = {Academic Press},
    title = {{Fast Parallel Algorithms for Short-Range Molecular Dynamics}},
    volume = {117},
    year = {1995}
}

@article{Berendsen1995,
    title = {{GROMACS: A message-passing parallel molecular dynamics implementation}},
    year = {1995},
    journal = {Computer Physics Communications},
    author = {Berendsen, H.J.C. and van der Spoel, D. and van Drunen, R.},
    number = {1-3},
    month = {9},
    pages = {43--56},
    volume = {91},
    publisher = {North-Holland},
    doi = {10.1016/0010-4655(95)00042-E},
    issn = {0010-4655}
}
