
@InProceedings{ 00_intro-proc-scipy-2014,
  author    = { {A}ndy {T}errel and {J}onathan {R}ocher and {S}t\'efan van der {W}alt and {J}ames {B}ergstra },
  title     = { {P}reface },
  booktitle = { {P}roceedings of the 13th {P}ython in {S}cience {C}onference },
  pages     = { 1 - 1 },
  year      = { 2014 },
  editor    = { {S}t\'efan van der {W}alt and {J}ames {B}ergstra },
  doi       = { 10.25080/Majora-14bd3278-000 }
}
