
@InProceedings{ elizabeth_seiver-proc-scipy-2018,
  author    = { {E}lizabeth {S}eiver and {M} {P}acer and {S}ebastian {B}assi },
  title     = { {T}ext and data mining scientific articles with allofplos },
  booktitle = { {P}roceedings of the 17th {P}ython in {S}cience {C}onference },
  pages     = { 61 - 64 },
  year      = { 2018 },
  editor    = { {F}atih {A}kici and {D}avid {L}ippa and {D}illon {N}iederhut and {M} {P}acer },
  doi       = { 10.25080/Majora-4af1f417-009 }
}
