
@InProceedings{ blaine_mooers-proc-scipy-2021,
  author    = { {B}laine {H}. {M}. {M}ooers },
  title     = { {M}odernizing computing by structural biologists with {J}upyter and {C}olab },
  booktitle = { {P}roceedings of the 20th {P}ython in {S}cience {C}onference },
  pages     = { 14 - 22 },
  year      = { 2021 },
  editor    = { {M}eghann {A}garwal and {C}hris {C}alloway and {D}illon {N}iederhut and {D}avid {S}hupe },
  doi       = { 10.25080/majora-1b6fd038-002 }
}
