@article{cite_berm03,
  author = {H. Berman and K. Hendrick and H. Nakamura},
  title = {Announcing the worldwide Protein Data Bank},
  journal = {Nature Structural \& Molecular Biology},
  volume = {10},
  number = {12},
  pages = {980},
  month = {December},
  year = {2003}
}

@misc{cite_cola21,
  title = {Google Colab},
  howpublished = {\url{https://colab.research.google.com}}
}

@misc{cite_elsn,
  title = {Elyra Code Snippets},
  howpublished = {\url{https://elyra.readthedocs.io/en/latest/user_guide/code-snippets.html}}
}

@misc{cite_elyra,
  title = {Getting Started with Elyra},
  howpublished = {\url{https://github.com/elyra-ai/elyra/blob/master/docs/source/getting_started/overview.md}}
}

@misc{cite_jlsnip,
  title = {JupyterLab Snippets},
  howpublished = {\url{https://github.com/QuantStack/jupyterlab-snippets}}
}

@misc{cite_mlgh,
  title = {MooersLab GitHub Repository},
  howpublished = {\url{https://github.com/MooersLab}}
}

@misc{cite_pymo21,
  title = {PyMOL},
  howpublished = {\url{https://pymol.org/2/}}
}

@misc{cite_rese20,
  title = {Reusable Code Snippets in JupyterLab},
  howpublished = {\url{https://blog.jupyter.org/reusable-code-snippets-in-jupyterlab-8d75a0f9d207}}
}

@inproceedings{Kluy16,
  author = {T. Kluyver and B. Ragan-Kelley and F. P{\'e}rez and B. Granger and M. Bussonnier and J. Frederic and K. Kelley and J. Hamrick and J. Grout and S. Corlay and P. Ivanov and D. Avila and S. Abdalla and C. Willing and Jupyter Development Team},
  title = {Jupyter Notebooks -- a publishing format for reproducible computational workflows},
  booktitle = {Positioning and Power in Academic Publishing: Players, Agents and Agendas},
  editor = {F. Loizides and B. Schmidt},
  pages = {87-90},
  year = {2016},
  doi = {10.3233/978-1-61499-649-1-87}
}
