@online{mongochef,
annote = {{Accessed on 2018/06/12}},
author = {{3T Software Labs GmbH}},
institution = {3T Software Labs GmbH},
title = {{MongoChef}},
url = {http://3t.io/mongochef/},
year = {2016}
}
@article{Pizzi2016,
author = {Pizzi, Giovanni and Cepellotti, Andrea and Sabatini, Riccardo and Marzari, Nicola and Kozinsky, Boris},
issn = {09270256},
journal = {Comput. Mater. Sci.},
pages = {218--230},
publisher = {Elsevier B.V.},
title = {{AiiDA: automated interactive infrastructure and database for computational science}},
volume = {111},
year = {2016}
}
@misc{mysql,
author = {Oracle Corporation},
title = {MySQL},
url = {https://www.mysql.com},
year = {2016},
annote = {{Accessed on 2018/06/12}},
}
@misc{json,
author = {Ecma},
title = {{The JSON Data Interchange Syntax}},
url = {http://www.ecma-international.org/publications/files/ECMA-ST/ECMA-404.pdf},
month = {December},
year = {2017}
}
@misc{Martin2012,
author = {Martin, Robert},
title = {{The Clean Architecture}},
url = {https://blog.8thlight.com/uncle-bob/2012/08/13/the-clean-architecture.html},
year = {2012},
annote = {{Accessed on 2018/06/12}},
}
@inproceedings{Deng2009,
author = {Deng, Jia and Dong, Wei and Socher, Richard and Li, Li-Jia and Li, Kai and Fei-Fei, Li},
booktitle = {2009 IEEE Conf. Comput. Vis. Pattern Recognit.},
isbn = {978-1-4244-3992-8},
pages = {248--255},
publisher = {IEEE},
title = {{ImageNet: A large-scale hierarchical image database}},
year = {2009}
}
@article{Kumar2014b,
author = {Kumar, Anand and Grupcev, Vladimir and Berrada, Meryem and Fogarty, Joseph C and Tu, Yi-Cheng and Zhu, Xingquan and Pandit, Sagar a and Xia, Yuni},
issn = {2196-1115},
journal = {J. Big Data},
number = {1},
pages = {9},
pmid = {26069879},
title = {{DCMS: A data analytics and management system for molecular simulation}},
volume = {2},
year = {2014}
}
@article{Jain2013c,
author = {Jain, Anubhav and Ong, Shyue Ping and Hautier, Geoffroy and Chen, Wei and Richards, William Davidson and Dacek, Stephen and Cholia, Shreyas and Gunter, Dan and Skinner, David and Ceder, Gerbrand and Persson, Kristin A.},
journal = {APL Mater.},
pages = {011002},
title = {{Commentary: The Materials Project: A materials genome approach to accelerating materials innovation}},
volume = {1},
year = {2013}
}
@article{Shirts2000,
author = {Shirts, Michael and Pande, Vijay S.},
issn = {00368075},
journal = {Science},
number = {5498},
pages = {1903--1904},
publisher = {American Association for the Advancement of Science},
title = {{Screen Savers of the World Unite!}},
volume = {290},
year = {2000}
}
@online{jinja2,
author = {Armin Ronacher},
title = {jinja2},
url = {http://jinja.pocoo.org/},
note = {{Accessed on 2017/09/29}},
}
@misc{mongodb,
author = {{MongoDB, Inc.}},
title = {{MongoDB}},
url = {https://www.mongodb.com/},
year = {2016},
annote = {{Accessed on 2018/06/12}},
}
@misc{thepocooteam2016,
author = {{G. Brandl and the Sphinx team} and {The Pocoo Team}},
title = {{Sphinx Documentation}},
url = {http://www.sphinx-doc.org},
year = {2016},
annote = {{Accessed on 2018/06/12}},
}
@misc{sdash,
author = {{Bradley D. Dice}},
annote = {{Accessed on 2018/06/12}},
title = {{signac-dashboard}},
url = {https://bitbucket.org/glotzer/signac-dashboard/src/master/},
year = {2018},
}
@online{studio3t,
author = {{3T Software Labs GmbH}},
title = {{Studio 3T}},
url = {https://studio3t.com},
year = {2017},
annote = {{Accessed on 2018/06/12}},
}
@article{Foster2011,
author = {Foster, Ian},
issn = {10897801},
journal = {IEEE Internet Comput.},
keywords = {Globus Online,Internet computing,Keywords: cloud,outsourcing,science},
number = {3},
pages = {70--73},
title = {{Globus online: Accelerating and democratizing science through cloud-based services}},
volume = {15},
year = {2011}
}
@article{Towns2014,
author = {Towns, John and Cockerill, Timothy and Dahan, Maytal and Foster, Ian and Gaither, Kelly and Grimshaw, Andrew and Hazlewood, Victor and Lathrop, Scott and Lifka, Dave and Peterson, Gregory D and Roskies, Ralph and Scott, J Ray and Wilkins-Diehr, Nancy},
journal = {Comput. Sci. Eng.},
pages = {62--74},
title = {{XSEDE: Accelerating Scientific Discovery}},
volume = {16},
year = {2014},
}
@online{irods,
annote = {{Accessed on 2018/06/12}},
author = {{The iRODS Consortium}},
title = {{Integrated Rule-Oriented System (iRODS)}},
url = {http://irods.org},
year = {2016}
}
@InProceedings{sacred,
  author    = {Greff, Klaus and Klein, Aaron and Chovanec, Martin and Hutter, Frank and Schmidhuber, J{\"u}rgen},
  title     = {The Sacred Infrastructure for Computational Research},
  booktitle = {Proceedings of the 16th Python in Science Conference},
  year      = {2017},
  editor    = {Katy Huff and David Lippa and Dillon Niederhut and M Pacer},
  pages     = {49-56},
  address   = {Austin, TX},
}
@InProceedings{datreant,
  author    = {Dotson, David L. and Seyler, Sean L. and Linke, Max and Gowers, Richard J. and Beckstein, Oliver},
  title     = {datreant: persistent, Pythonic trees for heterogeneous data},
  booktitle = {Proceedings of the 15th Python in Science Conference},
  year      = {2016},
  editor    = {Benthall, S and Rostrup, S},
  pages     = {51-56},
  address   = {Austin, TX},
}
@article {FireWorks,
author = {Jain, Anubhav and Ong, Shyue Ping and Chen, Wei and Medasani, Bharat and Qu, Xiaohui and Kocher, Michael and Brafman, Miriam and Petretto, Guido and Rignanese, Gian-Marco and Hautier, Geoffroy and Gunter, Daniel and Persson, Kristin A.},
title = {FireWorks: a dynamic workflow system designed for high-throughput applications},
journal = {Concurrency and Computation: Practice and Experience},
volume = {27},
number = {17},
issn = {1532-0634},
pages = {5037--5059},
year = {2015},
}
@Article{sumatra,
  author  = {Davison, Andrew P.},
  title   = {Automated capture of experiment context for easier reproducibility in computational research},
  journal = {Comput. Sci. Eng.},
  year    = {2012},
  volume  = {14},
  pages   = {48-56},
}
@article{Doherty2015,
    author = {Doherty, Rina A and Sorenson, Paul},
    title = {Keeping Users in the Flow: Mapping System Responsiveness with User Experience},
    journal = {Procedia Manufacturing},
    volume = {3},
    number = {Supplement C},
    pages = {4384-4391},
    year = {2015},
}
@online{pylada-light,
annote = {{Accessed on 2018/06/12}},
author =  {{Mayeul d'Avezac}},
title = {{pylada-light documentation}},
url = {http://pylada.github.io/pylada-light},
year = {2017}
}
@article{ADORF2018220,
title = "Simple data and workflow management with the signac framework",
journal = "Computational Materials Science",
volume = "146",
pages = "220 - 229",
year = "2018",
issn = "0927-0256",
url = "http://www.sciencedirect.com/science/article/pii/S0927025618300429",
author = "Carl S. Adorf and Paul M. Dodd and Vyas Ramasubramani and Sharon C. Glotzer",
keywords = "Data management, Database, Data sharing, Provenance, Computational workflow"
}
@misc{mdsynthesis,
  author       = {David L. Dotson},
  title        = {{MDSynthesis: a Python package enabling data-driven molecular dynamics research}},
  month        = jul,
  year         = 2015,
}
@conference{Kluyver:2016aa,
	Author = {Thomas Kluyver and Benjamin Ragan-Kelley and Fernando P{\'e}rez and Brian Granger and Matthias Bussonnier and Jonathan Frederic and Kyle Kelley and Jessica Hamrick and Jason Grout and Sylvain Corlay and Paul Ivanov and Dami{\'a}n Avila and Safia Abdalla and Carol Willing},
	Booktitle = {Positioning and Power in Academic Publishing: Players, Agents and Agendas},
	Editor = {F. Loizides and B. Schmidt},
	Organization = {IOS Press},
	Pages = {87 - 90},
	Title = {Jupyter Notebooks -- a publishing format for reproducible computational workflows},
	Year = {2016}
}
@article{PER-GRA:2007,
  Author    = {P\'erez, Fernando and Granger, Brian E.},
  Title     = {{IP}ython: a System for Interactive Scientific Computing},
  Journal   = {Computing in Science and Engineering},
  Volume    = {9},
  Number    = {3},
  Pages     = {21--29},
  month     = may,
  year      = 2007,
  url       = "http://ipython.org",
  ISSN      = "1521-9615",
  publisher = {IEEE Computer Society},
}
