
@InProceedings{ vyas_ramasubramani-proc-scipy-2018,
  author    = { {V}yas {R}amasubramani and {C}arl {S}. {A}dorf and {P}aul {M}. {D}odd and {B}radley {D}. {D}ice and {S}haron {C}. {G}lotzer },
  title     = { signac: {A} {P}ython framework for data and workflow management },
  booktitle = { {P}roceedings of the 17th {P}ython in {S}cience {C}onference },
  pages     = { 152 - 159 },
  year      = { 2018 },
  editor    = { {F}atih {A}kici and {D}avid {L}ippa and {D}illon {N}iederhut and {M} {P}acer },
  doi       = { 10.25080/Majora-4af1f417-016 }
}
