@article{LSODA1983,
    title = {{Automatic Selection of Methods for Solving Stiff and Nonstiff Systems of Ordinary Differential Equations}},
    year = {1983},
    journal = {SIAM Journal on Scientific and Statistical Computing},
    author = {Petzold, Linda},
    number = {1},
    month = {3},
    pages = {136--148},
    volume = {4},
    publisher = {Society for Industrial {\&} Applied Mathematics (SIAM)},
    doi = {10.1137/0904010},
    issn = {0196-5204},
    keywords = {initial value problems, nonstiff, ordinary differential equations, stiff}
}

@article{ceotto2021rocketpy,
  title={RocketPy: Six Degree-of-Freedom Rocket Trajectory Simulator},
  author={Ceotto, Giovani H and Schmitt, Rodrigo N and Alves, Guilherme F and Pezente, Lucas A and Carmo, Bruno S},
  journal={Journal of Aerospace Engineering},
  volume={34},
  number={6},
  year={2021},
  publisher={American Society of Civil Engineers},
  doi={10.1061/(ASCE)AS.1943-5525.0001331},
  issn={04021093}
}

@inproceedings{Jupyter2016,
    title = {{Jupyter Notebooks -- a publishing format for reproducible computational workflows}},
    year = {2016},
    booktitle = {Positioning and Power in Academic Publishing: Players, Agents and Agendas - Proceedings of the 20th International Conference on Electronic Publishing, ELPUB 2016},
    author = {Kluyver, Thomas and Ragan-Kelley, Benjamin and P{\'{e}}rez, Fernando and Granger, Brian and Bussonnier, Matthias and Frederic, Jonathan and Kelley, Kyle and Hamrick, Jessica and Grout, Jason and Corlay, Sylvain and Ivanov, Paul and Avila, Damián and Abdalla, Safia and Willing, Carol},
    pages = {87--90},
    publisher = {IOS Press BV},
    isbn = {9781614996484},
    doi = {10.3233/978-1-61499-649-1-87},
    keywords = {Notebook, Reproducibility, Research code}
}

@techreport{hindmarsha1992,
    title = {{ODEPACK. A Collection of ODE System Solvers}},
    year = {1992},
    author = {Hindmarsh, A},
    number = {ESTSC-000166CY00100; NESC-9935},
    month = {1},
    institution = {Lawrence Livermore National Lab., CA (United States)}
}

@misc{RocketPaper,
    title = {{Projeto-Jupiter/RocketPaper}},
    year = {2020},
    author = {Alves, Guilherme Fernandes and Ceotto, Giovani Hidalgo and Schmitt, Rodrigo Nascimento and Pezente, Lucas Azevedo},
    month = {11},
    publisher = {Zenodo},
    url = {https://doi.org/10.5281/zenodo.4279966},
    doi = {10.5281/zenodo.4279966}
}

@book{Python3,
    title = {{Python 3 Reference Manual}},
    year = {2009},
    author = {Van Rossum, Guido and Drake, Fred L},
    publisher = {CreateSpace},
    address = {Scotts Valley, CA},
    isbn = {1441412697}
}

@techreport{ISOCentralSecretary1975StandardAtmosphere,
    title = {{Standard Atmosphere}},
    year = {1975},
    author = {{ISO Central Secretary}},
    number = {ISO 2533:1975},
    month = {5},
    institution = {International Organization for Standardization},
    address = {Geneva, CH}
}

@techreport{TravelerIV,
    title = {{Traveler IV Apogee Analysis}},
    year = {2019},
    author = {Aitoumeziane, Adam and Eusebio, Peter and Hayes, Conor and Ramachandran, Vivek and Smith, Jamie and Sridharan, Jayasurya and St Regis, Luke and Stephenson, Mark and Tewksbury, Neil and Tran, Madeleine and Yang, Haonan},
    url = {http://www.uscrpl.com/s/Traveler-IV-Whitepaper},
    institution = {USC Rocket Propulsion Laboratory},
    address = {Los Angeles}
}

@article{Wilde2018RangeLaunches,
    title = {{Range safety requirements and methods for sounding rocket launches}},
    year = {2018},
    journal = {Journal of Space Safety Engineering},
    author = {Wilde, Paul D.},
    number = {1},
    month = {3},
    pages = {14--21},
    volume = {5},
    publisher = {Elsevier Ltd},
    doi = {10.1016/j.jsse.2018.01.002},
    issn = {24688967}
}

@phdthesis{Barrowman1967TheVehicles,
    title = {{The Practical Calculation of the Aerodynamic Characteristics of Slender Finned Vehicles}},
    year = {1967},
    author = {Barrowman, James S},
    school = {Catholic University of America},
    address = {Washington, DC United States}
}

@article{2020SciPy-NMeth,
  author  = {Virtanen, Pauli and Gommers, Ralf and Oliphant, Travis E. and
            Haberland, Matt and Reddy, Tyler and Cournapeau, David and
            Burovski, Evgeni and Peterson, Pearu and Weckesser, Warren and
            Bright, Jonathan and {van der Walt}, St{\'e}fan J. and
            Brett, Matthew and Wilson, Joshua and Millman, K. Jarrod and
            Mayorov, Nikolay and Nelson, Andrew R. J. and Jones, Eric and
            Kern, Robert and Larson, Eric and Carey, C J and
            Polat, {\.I}lhan and Feng, Yu and Moore, Eric W. and
            {VanderPlas}, Jake and Laxalde, Denis and Perktold, Josef and
            Cimrman, Robert and Henriksen, Ian and Quintero, E. A. and
            Harris, Charles R. and Archibald, Anne M. and
            Ribeiro, Ant{\^o}nio H. and Pedregosa, Fabian and
            {van Mulbregt}, Paul and {SciPy 1.0 Contributors}},
  title   = {{{SciPy} 1.0: Fundamental Algorithms for Scientific
            Computing in Python}},
  journal = {Nature Methods},
  year    = {2020},
  volume  = {17},
  pages   = {261--272},
  adsurl  = {https://rdcu.be/b08Wh},
  doi     = {10.1038/s41592-019-0686-2},
}

@book{rubinstein2016simulation,
  title={Simulation and the Monte Carlo method},
  author={Rubinstein, Reuven Y and Kroese, Dirk P},
  year={2016},
  publisher={John Wiley \& Sons},
  doi={10.1002/9781118631980},
}

@article{Chew1966ConfidenceDistribution,
    title = {{Confidence, Prediction, and Tolerance Regions for the Multivariate Normal Distribution}},
    year = {1966},
    journal = {Journal of the American Statistical Association},
    author = {Chew, Victor},
    number = {315},
    volume = {61},
    doi = {10.1080/01621459.1966.10480892},
    issn = {1537274X}
}

@book{piessens2012quadpack,
  title={Quadpack: a subroutine package for automatic integration},
  author={Piessens, Robert and de Doncker-Kapenga, Elise and {\"U}berhuber, Christoph W and Kahaner, David K},
  volume={1},
  year={1983},
  publisher={Springer Science \& Business Media},
  doi={10.1007/978-3-642-61786-7},
}

@article{akima1970new,
  title={A new method of interpolation and smooth curve fitting based on local procedures},
  author={Akima, Hiroshi},
  journal={Journal of the ACM (JACM)},
  volume={17},
  number={4},
  pages={589--602},
  year={1970},
  publisher={Association for Computing Machinery (ACM)},
  doi={10.1145/321607.321609}
} 

@misc{coker4thrustcurve,
  title={Thrustcurve.org — Rocket Motor Performance Data Online},
  author={Coker, J},
  url={https://www.thrustcurve.org/},
  year={1998}
}

@misc{openMotor,
  author = {Reilley, A},
  title = {openMotor: An open-source internal ballistics simulator for rocket motor experimenters},
  url = {https://github.com/reilleya/openMotor},
  year = {2022}
}

@book{martin2003agile,
  title={Agile software development: principles, patterns, and practices},
  author={Martin, Robert C and Newkirk, James and Koss, Robert S},
  volume={2},
  year={2003},
  publisher={Prentice Hall Upper Saddle River, NJ}
}
