
@InProceedings{ mattheus_ueckermann-proc-scipy-2015,
  author    = { {M}attheus {P}. {U}eckermann and {R}obert {D}. {C}hambers and {C}hristopher {A}. {B}rooks and {W}illiam {E}. {A}udette {I}{I}{I} and {J}erry {B}ieszczad },
  title     = { py{D}{E}{M}: {G}lobal {D}igital {E}levation {M}odel {A}nalysis },
  booktitle = { {P}roceedings of the 14th {P}ython in {S}cience {C}onference },
  pages     = { 113 - 120 },
  year      = { 2015 },
  editor    = { {K}athryn {H}uff and {J}ames {B}ergstra },
  doi       = { 10.25080/Majora-7b98e3ed-011 }
}
