
@InProceedings{ mckerns-proc-scipy-2011,
  author    = { {M}ichael {M}. {M}c{K}erns and {L}eif {S}trand and {T}im {S}ullivan and {A}lta {F}ang and {M}ichael {A}.{G}. {A}ivazis },
  title     = { {B}uilding a {F}ramework for {P}redictive {S}cience },
  booktitle = { {P}roceedings of the 10th {P}ython in {S}cience {C}onference },
  pages     = { 76 - 86 },
  year      = { 2011 },
  editor    = { {S}t\'efan van der {W}alt and {J}arrod {M}illman },
  doi       = { 10.25080/Majora-ebaa42b7-00d }
}
