@Proceedings{ proc-scipy-2011,
  title     = { Proceedings of the 10th Python in Science Conference },
  booktitle = { Proceedings of the 10th Python in Science Conference },
  year      = { 2011 },
  editor    = { St\'efan van der Walt and Jarrod Millman },
  isbn      = { noisbn }
}
