
@InProceedings{ serge_rey-proc-scipy-2018,
  author    = { {S}ergio {R}ey and {E}lijah {K}naap and {S}u {H}an and {L}evi {W}olf and {W}ei {K}ang },
  title     = { {S}patio-temporal analysis of socioeconomic neighborhoods: {T}he {O}pen {S}ource {L}ongitudinal {N}eighborhood {A}nalysis {P}ackage ({O}{S}{L}{N}{A}{P}) },
  booktitle = { {P}roceedings of the 17th {P}ython in {S}cience {C}onference },
  pages     = { 121 - 128 },
  year      = { 2018 },
  editor    = { {F}atih {A}kici and {D}avid {L}ippa and {D}illon {N}iederhut and {M} {P}acer },
  doi       = { 10.25080/Majora-4af1f417-012 }
}
