@Proceedings{ proc-scipy-2023,
  title     = { Proceedings of the 22nd Python in Science Conference },
  booktitle = { Proceedings of the 22nd Python in Science Conference },
  year      = { 2023 },
  editor    = { Meghann Agarwal and Chris Calloway and Dillon Niederhut },
  isbn      = { noisbn }
}
