@Proceedings{ proc-scipy-2017,
  title     = { Proceedings of the 16th Python in Science Conference },
  booktitle = { Proceedings of the 16th Python in Science Conference },
  year      = { 2017 },
  editor    = { Katy Huff and David Lippa and Dillon Niederhut and M Pacer },
  isbn      = { noisbn }
}
