
@InProceedings{ meinke-proc-scipy-2010,
  author    = { {J}an {H}. {M}einke },
  title     = { {P}rotein {F}olding with {P}ython on {S}upercomputers },
  booktitle = { {P}roceedings of the 9th {P}ython in {S}cience {C}onference },
  pages     = { 62 - 66 },
  year      = { 2010 },
  editor    = { {S}t\'efan van der {W}alt and {J}arrod {M}illman },
  doi       = { 10.25080/Majora-92bf1922-00b }
}
