
@InProceedings{ beaumont-proc-scipy-2013,
  author    = { {C}hristopher {B}eaumont and {T}homas {R}obitaille and {A}lyssa {G}oodman and {M}ichelle {B}orkin },
  title     = { {M}ultidimensional {D}ata {E}xploration with {G}lue },
  booktitle = { {P}roceedings of the 12th {P}ython in {S}cience {C}onference },
  pages     = { 8 - 12 },
  year      = { 2013 },
  editor    = { {S}t\'efan van der {W}alt and {J}arrod {M}illman and {K}aty {H}uff },
  doi       = { 10.25080/Majora-8b375195-002 }
}
