
@InProceedings{ luke_campagnola-vispy-proc-scipy-2015,
  author    = { {L}uke {C}ampagnola and {A}lmar {K}lein and {E}ric {L}arson and {C}yrille {R}ossant and {N}icolas {R}ougier },
  title     = { {V}is{P}y: {H}arnessing {T}he {G}{P}{U} {F}or {F}ast, {H}igh-{L}evel {V}isualization },
  booktitle = { {P}roceedings of the 14th {P}ython in {S}cience {C}onference },
  pages     = { 91 - 96 },
  year      = { 2015 },
  editor    = { {K}athryn {H}uff and {J}ames {B}ergstra },
  doi       = { 10.25080/Majora-7b98e3ed-00e }
}
