@article{cite_kap,
  author = {Kaplinskii, A. I. and Pesin, A. M. and Propoi, A. I.},
  title = {Analysis of search methods of optimization based on potential theory. I: Nonlocal properties},
  journal = {Automation and Remote Control},
  volume = {55},
  number = {9, Part 2},
  pages = {1316--1323},
  year = {1994},
  note = {(rus. pp.97-105)},
  month = {September}
}

@article{cite_kp,
  author = {Kaplinskii, A. I. and Propoi, A. I.},
  title = {Nonlocal Optimization Methods of the First Order Based on Potential Theory},
  journal = {Automation and Remote Control},
  volume = {55},
  number = {7, Part 2},
  pages = {1004--1011},
  year = {1994},
  note = {(rus. pp.97-102)},
  month = {July}
}

@article{cite_kpp,
  author = {Kaplinskii, A. I. and Pesin, A. M. and Propoi, A. I.},
  title = {Analysis of search methods of optimization based on potential theory. III: Convergence of methods},
  journal = {Automation and Remote Control},
  volume = {55},
  number = {11, Part 1},
  pages = {1604--1610},
  year = {1994},
  note = {(rus. pp.66-72)},
  month = {November}
}

@book{cite_bis,
  author = {Schmitt, Berthold Immanuel},
  title = {Convergence Analysis for Particle Swarm Optimization},
  year = {2015},
  publisher = {FAU University Press}
}
