
@InProceedings{ jim_pivarski-proc-scipy-2020,
  author    = { {J}im {P}ivarski and {I}anna {O}sborne and {P}ratyush {D}as and {A}nish {B}iswas and {P}eter {E}lmer },
  title     = { {A}wkward {A}rray: {J}{S}{O}{N}-like data, {N}um{P}y-like idioms },
  booktitle = { {P}roceedings of the 19th {P}ython in {S}cience {C}onference },
  pages     = { 78 - 84 },
  year      = { 2020 },
  editor    = { {M}eghann {A}garwal and {C}hris {C}alloway and {D}illon {N}iederhut and {D}avid {S}hupe },
  doi       = { 10.25080/Majora-342d178e-00b }
}
