
@InProceedings{ guelton-proc-scipy-2013,
  author    = { {S}erge {G}uelton and {P}ierrick {B}runet and {A}lan {R}aynaud and {A}drien {M}erlini and {M}ehdi {A}mini },
  title     = { {P}ythran: {E}nabling {S}tatic {O}ptimization of {S}cientific {P}ython {P}rograms },
  booktitle = { {P}roceedings of the 12th {P}ython in {S}cience {C}onference },
  pages     = { 44 - 50 },
  year      = { 2013 },
  editor    = { {S}t\'efan van der {W}alt and {J}arrod {M}illman and {K}aty {H}uff },
  doi       = { 10.25080/Majora-8b375195-008 }
}
