
@InProceedings{ bradley_dice-proc-scipy-2021,
  author    = { {B}radley {D}. {D}ice and {B}randon {L}. {B}utler and {V}yas {R}amasubramani and {A}lyssa {T}ravitz and {M}ichael {M}. {H}enry and {H}ardik {O}jha and {K}elly {L}. {W}ang and {C}arl {S}. {A}dorf and {E}ric {J}ankowski and {S}haron {C}. {G}lotzer },
  title     = { signac: {D}ata {M}anagement and {W}orkflows for {C}omputational {R}esearchers },
  booktitle = { {P}roceedings of the 20th {P}ython in {S}cience {C}onference },
  pages     = { 23 - 32 },
  year      = { 2021 },
  editor    = { {M}eghann {A}garwal and {C}hris {C}alloway and {D}illon {N}iederhut and {D}avid {S}hupe },
  doi       = { 10.25080/majora-1b6fd038-003 }
}
