
@InProceedings{ statsmodels-proc-scipy-2011,
  author    = { {W}es {M}c{K}inney and {J}osef {P}erktold and {S}kipper {S}eabold },
  title     = { {T}ime {S}eries {A}nalysis in {P}ython with statsmodels },
  booktitle = { {P}roceedings of the 10th {P}ython in {S}cience {C}onference },
  pages     = { 107 - 113 },
  year      = { 2011 },
  editor    = { {S}t\'efan van der {W}alt and {J}arrod {M}illman },
  doi       = { 10.25080/Majora-ebaa42b7-012 }
}
