
@InProceedings{ arya-proc-scipy-2013,
  author    = { {K}apil {A}rya and {G}ene {C}ooperman },
  title     = { {D}{M}{T}{C}{P}: {B}ringing {C}heckpoint-{R}estart to {P}ython },
  booktitle = { {P}roceedings of the 12th {P}ython in {S}cience {C}onference },
  pages     = { 2 - 7 },
  year      = { 2013 },
  editor    = { {S}t\'efan van der {W}alt and {J}arrod {M}illman and {K}aty {H}uff },
  doi       = { 10.25080/Majora-8b375195-001 }
}
