
@InProceedings{ narendra_mukherjee-proc-scipy-2017,
  author    = { {N}arendra {M}ukherjee and {J}oseph {W}achutka and {D}onald {B} {K}atz },
  title     = { {P}ython meets systems neuroscience: affordable, scalable and open-source electrophysiology in awake, behaving rodents },
  booktitle = { {P}roceedings of the 16th {P}ython in {S}cience {C}onference },
  pages     = { 98 - 105 },
  year      = { 2017 },
  editor    = { {K}aty {H}uff and {D}avid {L}ippa and {D}illon {N}iederhut and {M} {P}acer },
  doi       = { 10.25080/shinma-7f4c6e7-00e }
}
