@article{zca,
  title = {Infrared and visible image fusion with ResNet and zero-phase component analysis},
  journal = {Infrared Physics \& Technology},
  volume = {102},
  pages = {103039},
  year = {2019},
  issn = {1350-4495},
  doi = {https://doi.org/10.1016/j.infrared.2019.103039},
  author = {Hui Li and Xiao-jun Wu and Tariq S. Durrani}
}

@inproceedings{cilia,
  title={Towards an Unsupervised Spatiotemporal Representation of Cilia Video Using A Modular Generative Pipeline},
  author={Zain, Meekail and Rao, Sonia and Safir, Nathan and Wyner, Quinn and Humphrey, Isabella and Eldridge, Alex and Li, Chenxiao and AlAila, BahaaEddin and Quinn, Shannon},
  booktitle={Proceedings of the Python in Science Conference},
  year={2020},
  doi={10.25080/majora-342d178e-017}
}

@article {unet,
  author    = {Olaf Ronneberger and
               Philipp Fischer and
               Thomas Brox},
  title     = {U-Net: Convolutional Networks for Biomedical Image Segmentation},
  journal   = {CoRR},
  year      = {2015},
  timestamp = {Mon, 13 Aug 2018 16:46:52 +0200},
  doi             = {10.48550/arXiv.1505.04597}
}

@article{sae,
  author={Xu, Jun and Xiang, Lei and Liu, Qingshan and Gilmore, Hannah and Wu, Jianzhong and Tang, Jinghai and Madabhushi, Anant},
  journal={IEEE Transactions on Medical Imaging}, 
  title={Stacked Sparse Autoencoder (SSAE) for Nuclei Detection on Breast Cancer Histopathology Images}, 
  year={2016},
  volume={35},
  number={1},
  pages={119-130},
  doi={10.1109/TMI.2015.2458702}}
  
@misc{scs, 
  title={Sharpened Cosine Distance as an Alternative for Convolutions},
  url={https://www.rpisoni.dev},
  journal={rpisoni.dev},
  author={Pisonir, Raphael},
  year={2022},
  month={Jan}} 

@article{SBD,
  author    = {Nicholas Watters and
               Lo{\"{\i}}c Matthey and
               Christopher P. Burgess and
               Alexander Lerchner},
  title     = {Spatial Broadcast Decoder: {A} Simple Architecture for Learning Disentangled
               Representations in VAEs},
  journal   = {CoRR},
  year      = {2019},
  timestamp = {Fri, 01 Feb 2019 13:39:59 +0100},
  doi             = {10.48550/arXiv.1901.07017}
}
@article{ishikawa2017axoneme,
  title={Axoneme structure from motile cilia},
  author={Ishikawa, Takashi},
  journal={Cold Spring Harbor perspectives in biology},
  volume={9},
  number={1},
  pages={a028076},
  year={2017},
  publisher={Cold Spring Harbor Lab},
  doi             = {10.1101/cshperspect.a028076}
}
@article{li2018composite,
  title={A composite model of wound segmentation based on traditional methods and deep neural networks},
  author={Li, Fangzhao and Wang, Changjian and Liu, Xiaohui and Peng, Yuxing and Jin, Shiyao},
  journal={Computational intelligence and neuroscience},
  volume={2018},
  year={2018},
  publisher={Hindawi},
  doi={10.1155/2018/4149103}
}
@article{quinn2015automated,
  title={Automated identification of abnormal respiratory ciliary motion in nasal biopsies},
  author={Quinn, Shannon P and Zahid, Maliha J and Durkin, John R and Francis, Richard J and Lo, Cecilia W and Chennubhotla, S Chakra},
  journal={Science translational medicine},
  volume={7},
  number={299},
  pages={299ra124 |--| 299ra124},
  year={2015},
  publisher={American Association for the Advancement of Science},
  doi={10.1126/scitranslmed.aaa1233}
}
@article{charles,
  author    = {Charles Lu and
               M. Marx and
               M. Zahid and
               C. W. Lo and
               Chakra Chennubhotla and
               Shannon P. Quinn},
  title     = {Stacked Neural Networks for end-to-end ciliary motion analysis},
  journal   = {CoRR},
  year      = {2018},
  timestamp = {Mon, 15 Jun 2020 14:56:52 +0200},
  doi             = {10.48550/arXiv.1803.07534}
}
@article{doornbos2021cell,
  title={Cell-based assay for ciliopathy patients to improve accurate diagnosis using ALPACA},
  author={Doornbos, Cenna and van Beek, Ronald and Bongers, Ernie MHF and Lugtenberg, Dorien and Klaren, Peter and Vissers, Lisenka ELM and Roepman, Ronald and Oud, Machteld M and others},
  journal={European Journal of Human Genetics},
  volume={29},
  number={11},
  pages={1677 |--| 1689},
  year={2021},
  publisher={Nature Publishing Group},
  doi             = {10.1038/s41431-021-00907-9}
}
