
@InProceedings{ varun_kapoor-proc-scipy-2021,
  author    = { {V}arun {K}apoor and {C}laudia {C}araba\~na },
  title     = { {C}ell {T}racking in 3{D} using deep learning segmentations },
  booktitle = { {P}roceedings of the 20th {P}ython in {S}cience {C}onference },
  pages     = { 154 - 161 },
  year      = { 2021 },
  editor    = { {M}eghann {A}garwal and {C}hris {C}alloway and {D}illon {N}iederhut and {D}avid {S}hupe },
  doi       = { 10.25080/majora-1b6fd038-014 }
}
