
@InProceedings{ smcquay-proc-scipy-2011,
  author    = { {S}tephen {M}. {M}c{Q}uay and {S}teven {E}. {G}orrell },
  title     = { {N}-th-order {A}ccurate, {D}istributed {I}nterpolation {L}ibrary },
  booktitle = { {P}roceedings of the 10th {P}ython in {S}cience {C}onference },
  pages     = { 98 - 103 },
  year      = { 2011 },
  editor    = { {S}t\'efan van der {W}alt and {J}arrod {M}illman },
  doi       = { 10.25080/Majora-ebaa42b7-010 }
}
