
@InProceedings{ laurie_stephey-proc-scipy-2019,
  author    = { {L}aurie {A}. {S}tephey and {R}ollin {C}. {T}homas and {S}tephen {J}. {B}ailey },
  title     = { {O}ptimizing {P}ython-{B}ased {S}pectroscopic {D}ata {P}rocessing on {N}{E}{R}{S}{C} {S}upercomputers },
  booktitle = { {P}roceedings of the 18th {P}ython in {S}cience {C}onference },
  pages     = { 69 - 76 },
  year      = { 2019 },
  editor    = { {C}hris {C}alloway and {D}avid {L}ippa and {D}illon {N}iederhut and {D}avid {S}hupe },
  doi       = { 10.25080/Majora-7ddc1dd1-00a }
}
