
@InProceedings{ mellissa_cross_t-proc-scipy-2015,
  author    = { {M}ellissa {C}ross },
  title     = { {T}rend{V}is: an {E}legant {I}nterface for dense, sparkline-like, quantitative visualizations of multiple series using matplotlib },
  booktitle = { {P}roceedings of the 14th {P}ython in {S}cience {C}onference },
  pages     = { 138 - 143 },
  year      = { 2015 },
  editor    = { {K}athryn {H}uff and {J}ames {B}ergstra },
  doi       = { 10.25080/Majora-7b98e3ed-015 }
}
