
@InProceedings{ david_lippa-proc-scipy-2015,
  author    = { {D}avid {L}ippa and {J}ason {V}ertrees },
  title     = { {C}reating a {R}eal-{T}ime {R}ecommendation {E}ngine using {M}odified {K}-{M}eans {C}lustering and {R}emote {S}ensing {S}ignature {M}atching {A}lgorithms },
  booktitle = { {P}roceedings of the 14th {P}ython in {S}cience {C}onference },
  pages     = { 39 - 42 },
  year      = { 2015 },
  editor    = { {K}athryn {H}uff and {J}ames {B}ergstra },
  doi       = { 10.25080/Majora-7b98e3ed-006 }
}
