@misc{cite_ana16,
  author       = {{Anaconda Software Distribution}},
  title        = {Computer software. Vers. 2-2.4.0},
  year         = {2016},
  howpublished = {\url{https://anaconda.com}}
}

@article{cite_bui13,
  author    = {Buitinck, Lars and Louppe, Gilles and Blondel, Mathieu and Pedregosa, Fabian and Mueller, Andreas and Grisel, Olivier and Niculae, Vlad and others},
  title     = {API design for machine learning software: experiences from the scikit-learn project},
  journal   = {arXiv preprint arXiv:1309.0238},
  year      = {2013},
  note      = {\url{https://arxiv.org/abs/1309.0238}}
}

@inproceedings{cite_buo18,
  author    = {Buolamwini, Joy and Gebru, Timnit},
  title     = {Gender shades: Intersectional accuracy disparities in commercial gender classification},
  booktitle = {Conference on fairness, accountability and transparency},
  year      = {2018},
  publisher = {PMLR},
  url       = {http://proceedings.mlr.press/v81/buolamwini18a.html}
}

@book{cite_cai19,
  author    = {Cairo, Alberto},
  title     = {How charts lie: Getting smarter about visual information},
  publisher = {WW Norton \& Company},
  year      = {2019}
}

@book{cite_dig20,
  author    = {D'Ignazio, Catherine and Klein, Lauren F.},
  title     = {Data Feminism},
  publisher = {MIT Press},
  year      = {2020}
}

@book{cite_nas18,
  author    = {{National Academies of Sciences, Engineering, and Medicine}},
  title     = {Data science for undergraduates: Opportunities and options},
  publisher = {National Academies Press},
  year      = {2018}
}

@book{cite_one16,
  author    = {O'Neil, Cathy},
  title     = {Weapons of math destruction: How big data increases inequality and threatens democracy},
  publisher = {Broadway Books},
  year      = {2016}
}

@article{cite_ped11,
  author    = {Pedregosa, Fabian and Varoquaux, GaÃ«l and Gramfort, Alexandre and Michel, Vincent and Thirion, Bertrand and Grisel, Olivier and Blondel, Mathieu and others},
  title     = {Scikit-learn: Machine learning in Python},
  journal   = {The Journal of Machine Learning Research},
  volume    = {12},
  year      = {2011},
  pages     = {2825-2830},
  url       = {https://dl.acm.org/doi/10.5555/1953048.2078195}
}

@misc{cite_pro22,
  author       = {{Project Jupyter}},
  title        = {{jupyterlab/jupyterlab}: JupyterLab 3.4.3},
  year         = {2022},
  howpublished = {\url{https://github.com/jupyterlab/jupyterlab}}
}

@book{cite_wil19,
  author    = {Wilke, Claus O.},
  title     = {Fundamentals of data visualization: a primer on making informative and compelling figures},
  publisher = {O'Reilly Media},
  year      = {2019}
}
