
@InProceedings{ allen_downey-proc-scipy-2015,
  author    = { {A}llen {B}. {D}owney },
  title     = { {W}ill {M}illennials {E}ver {G}et {M}arried? },
  booktitle = { {P}roceedings of the 14th {P}ython in {S}cience {C}onference },
  pages     = { 1 - 5 },
  year      = { 2015 },
  editor    = { {K}athryn {H}uff and {J}ames {B}ergstra },
  doi       = { 10.25080/Majora-7b98e3ed-000 }
}
