@article{wardlow2022perceptions,
  title={Perceptions and Uses of Telehealth in the Care of Older Adults},
  author={Wardlow, Laura and Roberts, Christine and Archbald-Pannone, Lindsey and Collaborative for Telehealth and Aging},
  journal={Telemedicine journal and e-health : the official journal of the American Telemedicine Association},
  year={2022},
  note={Advance online publication},
	note = {\url{https://doi.org/10.1089/tmj.2022.0378}},
  url={https://doi.org/10.1089/tmj.2022.0378}
}

@article{Manyika2011BigDT,
  title={Big data: The next frontier for innovation, competition, and productivity},
  author={J. Manyika},
  year={2011}
}

@book{fayyad2002information,
  title={Information Visualization in Data Mining and Knowledge Discovery},
  author={Fayyad, Usama and Grinstein, Georges G and Wierse, Andreas},
  year={2002},
  publisher={Elsevier}
}

@INPROCEEDINGS{shneiderman1996eyes,
  author={Shneiderman, Ben},
  booktitle={Proceedings 1996 IEEE Symposium on Visual Languages},
  title={The eyes have it: a task by data type taxonomy for information visualizations},
  year={1996},
  volume={},
  number={},
  pages={336-343},
	note = {\url{https://doi.org/10.1109/VL.1996.545307}},
}

@INPROCEEDINGS{Wong1997MultivariateVU,
  author={Pak Chung Wong and R. Daniel Bergeron},
  booktitle={Proceedings. Visualization '97 (Cat. No. 97CB36155)},
  title={Multivariate visualization using metric scaling},
  year={1997},
  volume={},
  number={},
  pages={111-118},
	note = {\url{https://doi.org/10.1109/VISUAL.1997.663866}},
}

@article{dijkstra1959note,
  title={A note on two problems in connexion with graphs},
  author={Dijkstra, Edsger W},
  journal={Numerische Mathematik},
  volume={1},
  number={1},
  pages={269--271},
  year={1959},
  publisher={Springer},
	note = {\url{https://doi.org/10.1007/BF01386390}},
}
@misc{cugraph,
  title = {{cuGraph}: GPU-accelerated graph analytics library},
  howpublished = {\url{https://github.com/rapidsai/cugraph}},
  note = {Accessed: May 23, 2023},
  author = {RAPIDS Development Team},
  year = {2023}
}

@InProceedings{SciPyProceedings_11,
  author =       {Aric A. Hagberg and Daniel A. Schult and Pieter J. Swart},
  title =        {Exploring Network Structure, Dynamics, and Function using NetworkX},
  booktitle =   {Proceedings of the 7th Python in Science Conference},
  pages =     {11 - 15},
  address = {Pasadena, CA USA},
  year =      {2008},
  editor =    {Ga\"el Varoquaux and Travis Vaught and Jarrod Millman},
}


@article{hernan2011simpsons,
  title={The Simpson's paradox unraveled},
  author={Hern{\'a}n, Miguel A and others},
  journal={International Journal of Epidemiology},
  volume={40},
  number={3},
  pages={780--785},
  year={2011},
  publisher={Oxford University Press},
	note = {\url{https://doi.org/10.1093/ije/dyr041}},
}

@ARTICLE{garcia,
  author={García, Salvador and Luengo, Julián and Sáez, José Antonio and López, Victoria and Herrera, Francisco},
  journal={IEEE Transactions on Knowledge and Data Engineering},
  title={A Survey of Discretization Techniques: Taxonomy and Empirical Analysis in Supervised Learning},
  year={2013},
  volume={25},
  number={4},
  pages={734-750},
	note = {\url{https://doi.org/10.1109/TKDE.2012.35}},
}

@article{upton2000cobweb,
  title={Cobweb Diagrams for Multiway Contingency Tables},
  author={Upton, Graham J. G.},
  journal={Journal of the Royal Statistical Society Series D: The Statistician},
  volume={49},
  number={1},
  pages={79--85},
  year={2000},
  publisher={Wiley},
	note = {\url{https://doi.org/10.1111/1467-9884.00221}},
}
@article{kruskal1956shortest,
  title={On the shortest spanning subtree of a graph and the traveling salesman problem},
  author={Kruskal, Joseph B},
  journal={Proceedings of the American Mathematical society},
  volume={7},
  number={1},
  pages={48--50},
  year={1956}
}