
@InProceedings{ jyotika_singh-proc-scipy-2021,
  author    = { {J}yotika {S}ingh },
  title     = { {S}ocial {M}edia {A}nalysis using {N}atural {L}anguage {P}rocessing {T}echniques },
  booktitle = { {P}roceedings of the 20th {P}ython in {S}cience {C}onference },
  pages     = { 74 - 80 },
  year      = { 2021 },
  editor    = { {M}eghann {A}garwal and {C}hris {C}alloway and {D}illon {N}iederhut and {D}avid {S}hupe },
  doi       = { 10.25080/majora-1b6fd038-009 }
}
