
@InProceedings{ cron_mckinney-proc-scipy-2011,
  author    = { {A}ndrew {C}ron and {W}es {M}c{K}inney },
  title     = { gpustats: {G}{P}{U} {L}ibrary for {S}tatistical {C}omputing in {P}ython },
  booktitle = { {P}roceedings of the 10th {P}ython in {S}cience {C}onference },
  pages     = { 24 - 28 },
  year      = { 2011 },
  editor    = { {S}t\'efan van der {W}alt and {J}arrod {M}illman },
  doi       = { 10.25080/Majora-ebaa42b7-003 }
}
