
@InProceedings{ edis_jakupovic-proc-scipy-2021,
  author    = { {E}dis {J}akupovic and {O}liver {B}eckstein },
  title     = { {M}{P}{I}-parallel {M}olecular {D}ynamics {T}rajectory {A}nalysis with the {H}5{M}{D} {F}ormat in the {M}{D}{A}nalysis {P}ython {P}ackage },
  booktitle = { {P}roceedings of the 20th {P}ython in {S}cience {C}onference },
  pages     = { 40 - 48 },
  year      = { 2021 },
  editor    = { {M}eghann {A}garwal and {C}hris {C}alloway and {D}illon {N}iederhut and {D}avid {S}hupe },
  doi       = { 10.25080/majora-1b6fd038-005 }
}
