
@InProceedings{ mark_wickert_239-proc-scipy-2020,
  author    = { {M}ark {W}ickert and {D}avid {P}eckham },
  title     = { {M}atched {F}ilter {M}ismatch {L}osses in {M}{P}{S}{K} and {M}{Q}{A}{M} {U}sing {S}emi-{A}nalytic {B}{E}{P} {M}odeling },
  booktitle = { {P}roceedings of the 19th {P}ython in {S}cience {C}onference },
  pages     = { 98 - 106 },
  year      = { 2020 },
  editor    = { {M}eghann {A}garwal and {C}hris {C}alloway and {D}illon {N}iederhut and {D}avid {S}hupe },
  doi       = { 10.25080/Majora-342d178e-00e }
}
