
@InProceedings{ tyler_mcewen-proc-scipy-2011,
  author    = { {T}yler {M}c{E}wen and {D}harhas {P}othina and {S}olomon {N}egusse },
  title     = { {I}mproving efficiency and repeatability of lake volume estimates using {P}ython },
  booktitle = { {P}roceedings of the 10th {P}ython in {S}cience {C}onference },
  pages     = { 114 - 118 },
  year      = { 2011 },
  editor    = { {S}t\'efan van der {W}alt and {J}arrod {M}illman },
  doi       = { 10.25080/Majora-ebaa42b7-013 }
}
