
@InProceedings{ neelima_pulagam-proc-scipy-2021,
  author    = { {N}eelima {P}ulagam and {M}arcus {H}ill and {M}ojtaba {F}azli and {R}achel {M}attson and {M}eekail {Z}ain and {A}ndrew {D}urden and {F}rederick {D} {Q}uinn and {S} {C}hakra {C}hennubhotla and {S}hannon {P} {Q}uinn },
  title     = { {C}lassification of {D}iffuse {S}ubcellular {M}orphologies },
  booktitle = { {P}roceedings of the 20th {P}ython in {S}cience {C}onference },
  pages     = { 115 - 122 },
  year      = { 2021 },
  editor    = { {M}eghann {A}garwal and {C}hris {C}alloway and {D}illon {N}iederhut and {D}avid {S}hupe },
  doi       = { 10.25080/majora-1b6fd038-00f }
}
