@InProceedings{durden18,
  author    = { {A}ndrew {D}urden and {A}llyson {T} {L}oy and {B}arbara {R}eaves and {M}ojtaba {F}azli and {A}bigail {C}ourtney and {F}rederick {D} {Q}uinn and {S} {C}hakra {C}hennubhotla and {S}hannon {P} {Q}uinn },
  title     = { {D}ynamic {S}ocial {N}etwork {M}odeling of {D}iffuse {S}ubcellular {M}orphologies },
  booktitle = { {P}roceedings of the 17th {P}ython in {S}cience {C}onference },
  pages     = { 1 - 7 },
  year      = { 2018 },
  editor    = { {F}atih {A}kici and {D}avid {L}ippa and {D}illon {N}iederhut and {M} {P}acer },
  doi       = { 10.25080/Majora-4af1f417-000 }
}


@article{Bianchi_2021,
author = {Bianchi, Filippo Maria and Grattarola, Daniele and Livi, Lorenzo and Alippi, Cesare},
year = {2021},
month = {01},
pages = {1-1},
title = {Graph Neural Networks with Convolutional ARMA Filters},
volume = {PP},
journal = {IEEE Transactions on Pattern Analysis and Machine Intelligence},
doi = {10.1109/TPAMI.2021.3054830}
}


@article{Kipf_2016,
author = {Kipf, Thomas and Welling, Max},
year = {2016},
month = {09},
pages = {},
title = {Semi-Supervised Classification with Graph Convolutional Networks}
}




@unknown{Grattarola_2020,
author = {Grattarola, Daniele and Alippi, Cesare},
year = {2020},
month = {06},
pages = {},
title = {Graph Neural Networks in TensorFlow and Keras with Spektral}
}



@InProceedings{Hill_2020,
  author    = { {M}arcus {H}ill and {M}ojtaba {F}azli and {R}achel {M}attson and {M}eekail {Z}ain and {A}ndrew {D}urden and {A}llyson {T} {L}oy and {B}arbara {R}eaves and {A}bigail {C}ourtney and {F}rederick {D} {Q}uinn and {S} {C}hakra {C}hennubhotla and {S}hannon {P} {Q}uinn },
  title     = { {S}pectral {A}nalysis of {M}itochondrial {D}ynamics: {A} {G}raph-{T}heoretic {A}pproach to {U}nderstanding {S}ubcellular {P}athology },
  booktitle = { {P}roceedings of the 19th {P}ython in {S}cience {C}onference },
  pages     = { 91 - 97 },
  year      = { 2020 },
  editor    = { {M}eghann {A}garwal and {C}hris {C}alloway and {D}illon {N}iederhut and {D}avid {S}hupe },
  doi       = { 10.25080/Majora-342d178e-00d }
}


@article{Li_2021,
author = {Li, Jiying and Peng, Jinghao and Jiang, Xiaotong and Rea, Anne and Peng, Jiajie and Hu, Jianping},
year = {2021},
month = {05},
pages = {},
title = {DeepLearnMOR: a deep-learning framework for fluorescence image-based classification of organelle morphology},
journal = {Plant Physiology},
doi = {10.1093/plphys/kiab223}
}


@article{Moran_2018,
author = {Rubin, Moran and Stein, Omer and Turko, Nir and Nygate, Yoav and Roitshtain, Darina and Karako, Lidor and Barnea, Itay and Giryes, Raja and Shaked, Natan},
year = {2019},
month = {06},
pages = {},
title = {TOP-GAN: Label-free cancer cell classification using deep learning with a small training set},
volume = {57},
journal = {Medical Image Analysis},
doi = {10.1016/j.media.2019.06.014}
}

@ARTICLE{Meng_2019,
  author={Meng, Nan and Lam, Edmund Y. and Tsia, Kevin K. and So, Hayden Kwok-Hay},
  journal={IEEE Journal of Biomedical and Health Informatics}, 
  title={Large-Scale Multi-Class Image-Based Cell Classification With Deep Learning}, 
  year={2019},
  volume={23},
  number={5},
  pages={2091-2098},
  doi={10.1109/JBHI.2018.2878878}}



@unknown{Bianchi_2019_Mincut,
author = {Bianchi, Filippo Maria and Grattarola, Daniele and Alippi, Cesare},
year = {2019},
month = {06},
pages = {},
title = {Mincut pooling in Graph Neural Networks}
}



@article{Zhou_2020,
author = {Zhou, Jie and Cui, Ganqu and Hu, Shengding and Zhang, Zhengyan and Yang, Cheng and Liu, Zhiyuan and Wang, Lifeng and Li, Changcheng and Sun, Maosong},
year = {2020},
month = {01},
pages = {57-81},
title = {Graph neural networks: A review of methods and applications},
volume = {1},
journal = {AI Open},
doi = {10.1016/j.aiopen.2021.01.001}
}


@inbook{Reishi_2019,
author = {Reshi, Lateef and Wang, Hao-Ven and Hong, Jiann},
year = {2018},
month = {01},
pages = {},
title = {Modulation of Mitochondria During Viral Infections},
isbn = {978-1-78923-674-3},
doi = {10.5772/intechopen.73036}
}



@article{Karbowski_2003,
author = {Karbowski, M and Youle, R.J.},
year = {2003},
month = {09},
pages = {870-80},
title = {Karbowski M, Youle RJ.. Dynamics of mitochondrial morphology in healthy cells and during apoptosis. Cell Death Differ 10: 870-880},
volume = {10},
journal = {Cell death and differentiation},
doi = {10.1038/sj.cdd.4401260}
}


@article{Ramond_2019,
author = {Ramond, Elodie and Jamet, Anne and Coureuil, Mathieu and Charbit, Alain},
year = {2019},
month = {10},
pages = {2461},
title = {Pivotal Role of Mitochondria in Macrophage Response to Bacterial Pathogens},
volume = {10},
journal = {Frontiers in Immunology},
doi = {10.3389/fimmu.2019.02461}
}


@article{Liu_2020,
author = {Liu, Yasmine and McIntyre, Rebecca and Janssens, Georges and Houtkooper, Riekelt},
year = {2020},
month = {02},
pages = {111212},
title = {Mitochondrial fission and fusion: A dynamic role in aging and potential target for age-related disease},
volume = {186},
journal = {Mechanisms of Ageing and Development},
doi = {10.1016/j.mad.2020.111212}
}



@article{oei_2019,
author = {Oei, Ronald and Hou, Guanqun and Liu, Fuhai and Zhong, Jin and Zhang, Jiewen and An, Zhaoyi and Xu, Luping and Yang, Yujiu},
year = {2019},
month = {03},
pages = {e0213626},
title = {Convolutional neural network for cell classification using microscope images of intracellular actin networks},
volume = {14},
journal = {PLOS ONE},
doi = {10.1371/journal.pone.0213626}
}



@article{Delogu2013,
author = {Delogu, Giovanni and Sali, Michela and Fadda, Giovanni},
year = {2013},
month = {11},
pages = {e2013070},
title = {The Biology of Mycobacterium Tuberculosis Infection},
volume = {5},
journal = {Mediterranean journal of hematology and infectious diseases},
doi = {10.4084/MJHID.2013.070}
}


@article{yao_2019,
author = {Yao, Kai and Rochman, Nash and Sun, Sean},
year = {2019},
month = {09},
pages = {1-13},
title = {Cell Type Classification and Unsupervised Morphological Phenotyping From Low-Resolution Images Using Deep Learning},
volume = {9},
journal = {Scientific Reports},
doi = {10.1038/s41598-019-50010-9}
}



@article{Chawla_2003,
author = {Chawla, Nitesh and Bowyer, Kevin and Hall, Lawrence and Kegelmeyer, W.},
year = {2002},
month = {06},
pages = {321-357},
title = {SMOTE: Synthetic Minority Over-sampling Technique},
volume = {16},
journal = {J. Artif. Intell. Res. (JAIR)},
doi = {10.1613/jair.953}
}


@ARTICLE{Battaglia_2018,
author = {Peter W. Battaglia, Jessica B. Hamrick, Victor Bapst, Alvaro Sanchez-Gonzalez, Vinicius Zambaldi, Mateusz Malinowski, Andrea Tacchetti, David Raposo, Adam Santoro, Ryan Faulkner, Caglar Gulcehre, Francis Song, Andrew Ballard, Justin Gilmer, George Dahl, Ashish Vaswani, Kelsey Allen, Charles Nash, Victoria Langston, Chris Dyer, Nicolas Heess, Daan Wierstra, Pushmeet Kohli, Matt Botvinick, Oriol Vinyals, Yujia Li, Razvan Pascanu},
title = {Relational inductive biases, deep learning, and graph networks},
year = {2018},
doi = "10.1145/2623330.2623732"
}





@inproceedings{Szegedy_2015,
author = {Szegedy, Christian and Vanhoucke, Vincent and Ioffe, Sergey and Shlens, Jon and Wojna, ZB},
year = {2016},
month = {06},
pages = {},
title = {Rethinking the Inception Architecture for Computer Vision},
doi = {10.1109/CVPR.2016.308}
}


@article{Simonyan_2015,
author = {Simonyan, Karen and Zisserman, Andrew},
year = {2014},
month = {09},
pages = {},
title = {Very Deep Convolutional Networks for Large-Scale Image Recognition},
journal = {arXiv 1409.1556}
}



@inproceedings{He_2016,
author = {He, Kaiming and Zhang, Xiangyu and Ren, Shaoqing and Sun, Jian},
year = {2016},
month = {06},
pages = {770-778},
title = {Deep Residual Learning for Image Recognition},
doi = {10.1109/CVPR.2016.90}
}



@inproceedings{Huang_2017,
author = {Huang, Gao and Liu, Zhuang and van der Maaten, Laurens and Weinberger, Kilian},
year = {2017},
month = {07},
pages = {},
title = {Densely Connected Convolutional Networks},
doi = {10.1109/CVPR.2017.243}
}



@article{Sandler_2018,
author = {Sandler, Mark and Howard, Andrew and Zhu, Menglong and Zhmoginov, Andrey and Chen, Liang-Chieh},
year = {2018},
month = {01},
pages = {},
title = {Inverted Residuals and Linear Bottlenecks: Mobile Networks forClassification, Detection and Segmentation}
}

@article{Fazli_2020,
    author={Mojtaba Fazli and Marcus Hill and Andrew Durden and Rachel Mattson and Allyson T Loy and Barbara Reaves and Abigail Courtney and Frederick D Quinn and Chakra Chennubhotla and Shannon Quinn },
    year={2020},
    title={OrNet - a Python Toolkit to Model the Diffuse Structure of Organelles as Social Networks},
    journal={Journal of Open Source Software},
    doi="10.21105/joss.01983"
}



@article{Hamilton_2017,
author = {Hamilton, William and Ying, Rex and Leskovec, Jure},
year = {2017},
month = {06},
pages = {},
title = {Inductive Representation Learning on Large Graphs}
}

@article{Perozzi_2014,
author = {Perozzi, Bryan and Al-Rfou, Rami and Skiena, Steven},
year = {2014},
month = {03},
pages = {},
title = {DeepWalk: Online Learning of Social Representations},
journal = {Proceedings of the ACM SIGKDD International Conference on Knowledge Discovery and Data Mining},
doi = {10.1145/2623330.2623732}
}






