
@InProceedings{ mumford-proc-scipy-2013,
  author    = { {S}tuart {M}umford and {D}avid {P}\'erez-{S}u\'arez and {S}teven {C}hriste and {F}lorian {M}ayer and {R}ussell {J}. {H}ewett },
  title     = { {S}un{P}y: {P}ython for {S}olar {P}hysicists },
  booktitle = { {P}roceedings of the 12th {P}ython in {S}cience {C}onference },
  pages     = { 70 - 73 },
  year      = { 2013 },
  editor    = { {S}t\'efan van der {W}alt and {J}arrod {M}illman and {K}aty {H}uff },
  doi       = { 10.25080/Majora-8b375195-00c }
}
