
@InProceedings{ jacob_frelinger-proc-scipy-2012,
  author    = { {J}acob {F}relinger and {A}dam {R}ichards and {C}liburn {C}han },
  title     = { {F}cm - {A} python library for flow cytometry },
  booktitle = { {P}roceedings of the 11th {P}ython in {S}cience {C}onference },
  pages     = { 46 - 50 },
  year      = { 2012 },
  editor    = { {A}ron {A}hmadia and {J}arrod {M}illman and {S}t\'efan van der {W}alt },
  doi       = { 10.25080/Majora-54c7f2c8-008 }
}
