
@InProceedings{ zuhone-proc-scipy-2014,
  author    = { {J}ohn {A}. {Z}u{H}one and {V}eronica {B}iffi and {E}ric {J}. {H}allman and {S}cott {W}. {R}andall and {A}dam {R}. {F}oster and {C}hristian {S}chmid },
  title     = { {S}imulating {X}-ray {O}bservations with {P}ython },
  booktitle = { {P}roceedings of the 13th {P}ython in {S}cience {C}onference },
  pages     = { 98 - 104 },
  year      = { 2014 },
  editor    = { {S}t\'efan van der {W}alt and {J}ames {B}ergstra },
  doi       = { 10.25080/Majora-14bd3278-010 }
}
