
@InProceedings{ dharhas_pothina-proc-scipy-2018,
  author    = { {D}harhas {P}othina and {P}hilipp {J}. {F}. {R}udiger and {J}ames {A} {B}ednar and {S}cott {C}hristensen and {K}evin {W}inters and {K}imberly {P}evey and {C}hristopher {E}. {B}all and {G}regory {B}rener },
  title     = { {E}arth{S}im: {F}lexible {E}nvironmental {S}imulation {W}orkflows {E}ntirely {W}ithin {J}upyter {N}otebooks },
  booktitle = { {P}roceedings of the 17th {P}ython in {S}cience {C}onference },
  pages     = { 48 - 55 },
  year      = { 2018 },
  editor    = { {F}atih {A}kici and {D}avid {L}ippa and {D}illon {N}iederhut and {M} {P}acer },
  doi       = { 10.25080/Majora-4af1f417-007 }
}
