@inproceedings{2016,
  series = {SciPy},
  ISSN = {2575-9752},
  url = {http://dx.doi.org/10.25080/Majora-629e541a-014},
  DOI = {10.25080/majora-629e541a-014},
  booktitle = {Proceedings of the Python in Science Conference},
  publisher = {SciPy},
  year = {2016},
  collection = {SciPy}
}