
@InProceedings{ mark_wickert-proc-scipy-2019,
  author    = { {M}ark {W}ickert },
  title     = { {A} {R}eal-{T}ime 3{D} {A}udio {S}imulator for {C}ognitive {H}earing {S}cience },
  booktitle = { {P}roceedings of the 18th {P}ython in {S}cience {C}onference },
  pages     = { 77 - 84 },
  year      = { 2019 },
  editor    = { {C}hris {C}alloway and {D}avid {L}ippa and {D}illon {N}iederhut and {D}avid {S}hupe },
  doi       = { 10.25080/Majora-7ddc1dd1-00b }
}
