@inproceedings{kaufmann2013information,
  title={Information Complexity in Bandit Subset Selection.},
  author={Kaufmann, Emilie and Kalyanakrishnan, Shivaram},
  booktitle={COLT},
  pages={228--251},
  year={2013}
}


@inproceedings{dasgupta2008general,
	Author = {Dasgupta, Sanjoy and Hsu, Daniel J and Monteleoni, Claire},
	Booktitle = {Advances in neural information processing systems},
	Pages = {353--360},
	Title = {A general agnostic active learning algorithm},
	Year = {2008}}


@inproceedings{jamieson2015next,
	Author = {Jamieson, Kevin G and Jain, Lalit and Fernandez, Chris and Glattard, Nicholas J and Nowak, Rob},
	Booktitle = {Advances in Neural Information Processing Systems},
	Pages = {2656--2664},
	Title = {Next: A system for real-world development, evaluation, and application of active learning},
	Year = {2015}}
@article{ILSVRC15,
Author = {Olga Russakovsky and Jia Deng and Hao Su and Jonathan Krause and Sanjeev Satheesh and Sean Ma and Zhiheng Huang and Andrej Karpathy and Aditya Khosla and Michael Bernstein and Alexander C. Berg and Li Fei-Fei},
Title = {{ImageNet Large Scale Visual Recognition Challenge}},
Year = {2015},
journal   = {International Journal of Computer Vision (IJCV)},
doi = {10.1007/s11263-015-0816-y},
volume={115},
number={3},
pages={211-252}
    }


@inproceedings{castro2005faster,
	Author = {Castro, Rui and Willett, Rebecca and Nowak, Robert},
	Booktitle = {NIPS},
	Pages = {179--186},
	Title = {Faster rates in regression via active learning},
	Volume = {18},
	Year = {2005}}


@inproceedings{audibert2010best,
	Author = {Audibert, Jean-Yves and Bubeck, S{\'e}bastien},
	Booktitle = {COLT-23th Conference on Learning Theory-2010},
	Pages = {13--p},
	Title = {Best arm identification in multi-armed bandits},
	Year = {2010}}

@inproceedings{jain2016finite,
  title={Finite sample prediction and recovery bounds for ordinal embedding},
  author={Jain, Lalit and Jamieson, Kevin G and Nowak, Rob},
  booktitle={Advances in Neural Information Processing Systems},
  pages={2711--2719},
  year={2016}
    }

@article{kaufmann2015complexity,
  title={On the complexity of best arm identification in multi-armed bandit models},
  author={Kaufmann, Emilie and Capp{\'e}, Olivier and Garivier, Aur{\'e}lien},
  journal={The Journal of Machine Learning Research},
  year={2015}
}

@article{lecun2010mnist,
  title={MNIST handwritten digit database},
  author={LeCun, Yann and Cortes, Corinna and Burges, Christopher JC},
  journal={AT\&T Labs [Online]. Available: http://yann. lecun. com/exdb/mnist},
  volume={2},
  year={2010}
}

@inproceedings{krizhevsky2012imagenet,
  title={Imagenet classification with deep convolutional neural networks},
  author={Krizhevsky, Alex and Sutskever, Ilya and Hinton, Geoffrey E},
  booktitle={Advances in neural information processing systems},
  pages={1097--1105},
  year={2012}
}
@article{paolacci2010running,
  title={Running experiments on amazon mechanical turk},
  author={Paolacci, Gabriele and Chandler, Jesse and Ipeirotis, Panagiotis G},
  year={2010}
}

@inproceedings{recht2011hogwild,
	Author = {Recht, Benjamin and Re, Christopher and Wright, Stephen and Niu, Feng},
	Booktitle = {Advances in Neural Information Processing Systems},
	Pages = {693--701},
	Title = {Hogwild: A lock-free approach to parallelizing stochastic gradient descent},
	Year = {2011}}


@incollection{bottou2010large,
	Author = {Bottou, L{\'e}on},
	Booktitle = {Proceedings of COMPSTAT'2010},
	Pages = {177--186},
	Publisher = {Springer},
	Title = {Large-scale machine learning with stochastic gradient descent},
	Year = {2010}}


@inproceedings{krizhevsky2012imagenet,
	Author = {Krizhevsky, Alex and Sutskever, Ilya and Hinton, Geoffrey E},
	Booktitle = {Advances in neural information processing systems},
	Pages = {1097--1105},
	Title = {Imagenet classification with deep convolutional neural networks},
	Year = {2012}}


@inproceedings{deng2009imagenet,
	Author = {Deng, Jia and Dong, Wei and Socher, Richard and Li, Li-Jia and Li, Kai and Fei-Fei, Li},
	Booktitle = {Computer Vision and Pattern Recognition, 2009. CVPR 2009. IEEE Conference on},
	Organization = {IEEE},
	Pages = {248--255},
	Title = {Imagenet: A large-scale hierarchical image database},
	Year = {2009}}


@inproceedings{jun2016anytime,
	Author = {Jun, Kwang-Sung},
	Booktitle = {Proceedings of The 33rd International Conference on Machine Learning},
	Pages = {974--982},
	Title = {Anytime Exploration for Multi-armed Bandits using Confidence Information},
	Year = {2016}}


@article{agarwal2016multiworld,
	Author = {Agarwal, Alekh and Bird, Sarah and Cozowicz, Markus and Hoang, Luong and Langford, John and Lee, Stephen and Li, Jiaji and Melamed, Dan and Oshri, Gal and Ribas, Oswaldo and others},
	Journal = {arXiv preprint arXiv:1606.03966},
	Title = {A Multiworld Testing Decision Service},
	Year = {2016}}


@article{simard2014ice,
	Author = {Simard, Patrice and Chickering, David and Lakshmiratan, Aparna and Charles, Denis and Bottou, L{\'e}on and Suarez, Carlos Garcia Jurado and Grangier, David and Amershi, Saleema and Verwey, Johan and Suh, Jina},
	Journal = {arXiv preprint arXiv:1409.4814},
	Title = {ICE: enabling non-experts to build models interactively for large-scale lopsided problems},
	Year = {2014}}

@misc{LUIS,
	Title = {Language Understanding Intelligent Service (LUIS).},
   howpublished = {https://www.luis.ai}
	}

@inproceedings{jamieson2014lil,
  title={lilâ€™ucb: An optimal exploration algorithm for multi-armed bandits},
  author={Jamieson, Kevin and Malloy, Matthew and Nowak, Robert and Bubeck, S{\'e}bastien},
  booktitle={Conference on Learning Theory},
  pages={423--439},
  year={2014}
}


@article{heim2015active,
	Author = {Heim, Eric and Berger, Matthew and Seversky, Lee and Hauskrecht, Milos},
	Journal = {arXiv preprint arXiv:1511.02254},
	Title = {Active Perceptual Similarity Modeling with Auxiliary Information},
	Year = {2015}}


@inproceedings{das2017falcon,
	Author = {Das, Sanjib and GC, Paul Suganthan and Doan, AnHai and Naughton, Jeffrey F and Krishnan, Ganesh and Deep, Rohit and Arcaute, Esteban and Raghavendra, Vijay and Park, Youngchoon},
	Booktitle = {Proceedings of the 2017 ACM International Conference on Management of Data},
	Organization = {ACM},
	Pages = {1431--1446},
	Title = {Falcon: Scaling up hands-off crowdsourced entity matching to build cloud services},
	Year = {2017}}


@article{yue2012k,
	Author = {Yue, Yisong and Broder, Josef and Kleinberg, Robert and Joachims, Thorsten},
	Journal = {Journal of Computer and System Sciences},
	Number = {5},
	Pages = {1538--1556},
	Title = {The k-armed dueling bandits problem},
	Volume = {78},
	Year = {2012}}

@inproceedings{gabillon2012best,
  title={Best arm identification: A unified approach to fixed budget and fixed confidence},
  author={Gabillon, Victor and Ghavamzadeh, Mohammad and Lazaric, Alessandro},
  booktitle={Advances in Neural Information Processing Systems},
  pages={3212--3220},
  year={2012}
    }

@article{kruskal1964multidimensional,
	Author = {Kruskal, Joseph B},
	Journal = {Psychometrika},
	Number = {1},
	Pages = {1--27},
	Title = {Multidimensional scaling by optimizing goodness of fit to a nonmetric hypothesis},
	Volume = {29},
	Year = {1964}}


@inproceedings{szegedy2015going,
	Author = {Szegedy, Christian and Liu, Wei and Jia, Yangqing and Sermanet, Pierre and Reed, Scott and Anguelov, Dragomir and Erhan, Dumitru and Vanhoucke, Vincent and Rabinovich, Andrew},
	Booktitle = {Proceedings of the IEEE Conference on Computer Vision and Pattern Recognition},
	Pages = {1--9},
	Title = {Going deeper with convolutions},
	Year = {2015}}

@inproceedings{he2015delving,
	Author = {He, Kaiming and Zhang, Xiangyu and Ren, Shaoqing and Sun, Jian},
	Booktitle = {Proceedings of the IEEE international conference on computer vision},
	Pages = {1026--1034},
	Title = {Delving deep into rectifiers: Surpassing human-level performance on imagenet classification},
	Year = {2015}}

@article{simonyan2014very,
	Author = {Simonyan, Karen and Zisserman, Andrew},
	Journal = {arXiv preprint arXiv:1409.1556},
	Title = {Very deep convolutional networks for large-scale image recognition},
	Year = {2014}}


@inproceedings{hanneke2007bound,
	Author = {Hanneke, Steve},
	Booktitle = {Proceedings of the 24th international conference on Machine learning},
	Organization = {ACM},
	Pages = {353--360},
	Title = {A bound on the label complexity of agnostic active learning},
	Year = {2007}}


@inproceedings{chen2013pairwise,
	Author = {Chen, Xi and Bennett, Paul N and Collins-Thompson, Kevyn and Horvitz, Eric},
	Booktitle = {Proceedings of the sixth ACM international conference on Web search and data mining},
	Organization = {ACM},
	Pages = {193--202},
	Title = {Pairwise ranking aggregation in a crowdsourced setting},
	Year = {2013}}


@inproceedings{rau2016model,
	Author = {Rau, Martina A and Mason, Blake and Nowak, Robert},
	Booktitle = {Proceedings of the 9th International Conference on Educational Data Mining},
	Title = {How to model implicit knowledge? Similarity learning methods to assess perceptions of visual representations},
	Year = {2016}}

    @misc{kotsiantis2007supervised,
  title={Supervised machine learning: A review of classification techniques},
  author={Kotsiantis, Sotiris B and Zaharakis, I and Pintelas, P},
  year={2007}
    }

@book{holland1992adaptation,
  title={Adaptation in natural and artificial systems: an introductory analysis with applications to biology, control, and artificial intelligence},
  author={Holland, John H},
  year={1992},
  publisher={MIT press}
}

@article{hoare1962quicksort,
  title={Quicksort},
  author={Hoare, Charles AR},
  journal={The Computer Journal},
  volume={5},
  number={1},
  pages={10--16},
  year={1962},
  publisher={Br Computer Soc}
}
