
@InProceedings{ scott_sievert-proc-scipy-2017,
  author    = { {S}cott {S}ievert and {D}aniel {R}oss and {L}alit {J}ain and {K}evin {J}amieson and {R}ob {N}owak and {R}obert {M}ankoff },
  title     = { {N}{E}{X}{T}: {A} system to easily connect crowdsourcing and adaptive data collection },
  booktitle = { {P}roceedings of the 16th {P}ython in {S}cience {C}onference },
  pages     = { 113 - 119 },
  year      = { 2017 },
  editor    = { {K}aty {H}uff and {D}avid {L}ippa and {D}illon {N}iederhut and {M} {P}acer },
  doi       = { 10.25080/shinma-7f4c6e7-010 }
}
