
@InProceedings{ tom_bertalan-proc-scipy-2012,
  author    = { {T}om {S}. {B}ertalan and {A}kand {W}. {I}slam and {R}oger {B}. {S}idje and {E}ric {C}arlson },
  title     = { {O}pen{M}{G}: {A} {N}ew {M}ultigrid {I}mplementation in {P}ython },
  booktitle = { {P}roceedings of the 11th {P}ython in {S}cience {C}onference },
  pages     = { 69 - 75 },
  year      = { 2012 },
  editor    = { {A}ron {A}hmadia and {J}arrod {M}illman and {S}t\'efan van der {W}alt },
  doi       = { 10.25080/Majora-54c7f2c8-00c }
}
