
@InProceedings{ hasselmann-proc-scipy-2013,
  author    = { {P}edro {H}enrique {H}asselmann and {J}orge {M}\'arcio {C}arvano and {D}aniela {L}azzaro },
  title     = { {A}dapted {G}-mode {C}lustering {M}ethod applied to {A}steroid {T}axonomy },
  booktitle = { {P}roceedings of the 12th {P}ython in {S}cience {C}onference },
  pages     = { 51 - 57 },
  year      = { 2013 },
  editor    = { {S}t\'efan van der {W}alt and {J}arrod {M}illman and {K}aty {H}uff },
  doi       = { 10.25080/Majora-8b375195-009 }
}
