
@InProceedings{ robert_johansson-proc-scipy-2012,
  author    = { {R}obert {J}. {J}ohansson and {P}aul {D}. {N}ation },
  title     = { {Q}u{T}i{P}: {A} framework for the dynamics of open quantum systems using {S}ci{P}y and {C}ython },
  booktitle = { {P}roceedings of the 11th {P}ython in {S}cience {C}onference },
  pages     = { 56 - 61 },
  year      = { 2012 },
  editor    = { {A}ron {A}hmadia and {J}arrod {M}illman and {S}t\'efan van der {W}alt },
  doi       = { 10.25080/Majora-54c7f2c8-00a }
}
