@Proceedings{ proc-scipy-2018,
  title     = { Proceedings of the 17th Python in Science Conference },
  booktitle = { Proceedings of the 17th Python in Science Conference },
  year      = { 2018 },
  editor    = { Fatih Akici and David Lippa and Dillon Niederhut and M Pacer },
  isbn      = { noisbn }
}
