
@InProceedings{ jacky-proc-scipy-2011,
  author    = { {J}onathan {J}acky },
  title     = { {P}y{M}odel: {M}odel-based testing in {P}ython },
  booktitle = { {P}roceedings of the 10th {P}ython in {S}cience {C}onference },
  pages     = { 48 - 52 },
  year      = { 2011 },
  editor    = { {S}t\'efan van der {W}alt and {J}arrod {M}illman },
  doi       = { 10.25080/Majora-ebaa42b7-008 }
}
