
@InProceedings{ christian_oxvig-proc-scipy-2016,
  author    = { {C}hristian {S}chou {O}xvig and {T}homas {A}rildsen and {T}orben {L}arsen },
  title     = { {S}toring {R}eproducible {R}esults from {C}omputational {E}xperiments using {S}cientific {P}ython {P}ackages },
  booktitle = { {P}roceedings of the 15th {P}ython in {S}cience {C}onference },
  pages     = { 45 - 50 },
  year      = { 2016 },
  editor    = { {S}ebastian {B}enthall and {S}cott {R}ostrup },
  doi       = { 10.25080/Majora-629e541a-006 }
}
