
@InProceedings{ horea-ioan_ioanas-proc-scipy-2017,
  author    = { {H}orea-{I}oan {I}oanas and {B}echara {J}ohn {S}aab and {M}arkus {R}udin },
  title     = { {L}abbook{D}{B}: {A} {W}et-{W}ork-{T}racking {D}atabase {A}pplication {F}ramework },
  booktitle = { {P}roceedings of the 16th {P}ython in {S}cience {C}onference },
  pages     = { 20 - 27 },
  year      = { 2017 },
  editor    = { {K}aty {H}uff and {D}avid {L}ippa and {D}illon {N}iederhut and {M} {P}acer },
  doi       = { 10.25080/shinma-7f4c6e7-004 }
}
