% Encoding: UTF-8

@Article{Bradley2007,
  author    = {Bradley, Jean-Claude},
  title     = {Open notebook science using blogs and wikis},
  year      = {2007},
  owner     = {chymera},
  publisher = {Nature Publishing Group},
  timestamp = {2017.05.29},
}

@Electronic{elabftw,
  author       = {Nicolas Carpi and Pascal Noirci and Alexander Minges},
  year         = {2012},
  title        = {eLabFTW},
  howpublished = {online},
  organization = {eLabFTW},
  url          = {https://www.elabftw.net/},
  owner        = {chymera},
  timestamp    = {2017.05.29},
}

@Electronic{mousedb,
  author       = {Dave Bridges},
  year         = {2011},
  title        = {MouseDB},
  howpublished = {GitHub},
  organization = {University of Tennessee Health Sciences Center},
  url          = {https://github.com/davebridges/mousedb},
  owner        = {chymera},
  timestamp    = {2017.05.29},
}

@Electronic{bsd,
  author       = {Open Source Initiative},
  month        = {07},
  year         = {1999},
  title        = {The 3-Clause BSD License},
  howpublished = {online},
  url          = {https://opensource.org/licenses/BSD-3-Clause},
  owner        = {chymera},
  timestamp    = {2017.05.29},
}

@Electronic{demolog,
  author    = {Horea Christian},
  month     = {05},
  year      = {2017},
  title     = {Logging Examples for LabbookDB for Scipy2017 Proceedings},
  url       = {https://bitbucket.org/TheChymera/demolog/src/9ce8ca3b808259a1cfe74169d7a91fb40e4cfd90?at=master},
  owner     = {chymera},
  timestamp = {2017.05.30},
}

@TechReport{Codd1974,
  author      = {Codd, Edgar F.},
  title       = {Recent Investigations into Relational Data Base Systems},
  institution = {IBM},
  year        = {1974},
  number      = {RJ1385},
  month       = {4},
  added-at    = {2011-01-06T19:50:29.000+0100},
  biburl      = {https://www.bibsonomy.org/bibtex/20faf6fe39e6e9c33d876980e50c90835/voj},
  interhash   = {f7342222775de23362ffd70632756ea0},
  intrahash   = {0faf6fe39e6e9c33d876980e50c90835},
  keywords    = {BCNF database normalization},
  series      = {IBM Research Report},
  timestamp   = {2011-01-06T19:50:29.000+0100},
}

@Article{Petit-Demouliere2005,
  author        = {Petit-Demouliere, Benoit and Chenu, Franck and Bourin, Michel},
  title         = {Forced swimming test in mice: a review of antidepressant activity},
  journal       = {Psychopharmacology},
  year          = {2005},
  volume        = {177},
  number        = {3},
  pages         = {245--255},
  __markedentry = {[chymera:]},
  owner         = {chymera},
  publisher     = {Springer},
  timestamp     = {2017.05.30},
}

@InProceedings{You_2016_CVPR,
  author    = {You, Quanzeng and Jin, Hailin and Wang, Zhaowen and Fang, Chen and Luo, Jiebo},
  title     = {Image Captioning With Semantic Attention},
  booktitle = {The IEEE Conference on Computer Vision and Pattern Recognition (CVPR)},
  year      = {2016},
  month     = {June},
}

@Article{Harris2009,
  author        = {Harris, Paul A and Taylor, Robert and Thielke, Robert and Payne, Jonathon and Gonzalez, Nathaniel and Conde, Jose G},
  title         = {Research electronic data capture (REDCap)â€”a metadata-driven methodology and workflow process for providing translational research informatics support},
  journal       = {Journal of biomedical informatics},
  year          = {2009},
  volume        = {42},
  number        = {2},
  pages         = {377--381},
  __markedentry = {[chymera:6]},
  owner         = {chymera},
  publisher     = {Elsevier},
  timestamp     = {2017.07.04},
}

@Electronic{behaviopyGH,
  author       = {Horea Christian},
  year         = {2016},
  title        = {BehavioPy - Behavioural Data Analysis and Plotting in Python},
  howpublished = {GitHub},
  url          = {https://github.com/TheChymera/behaviopy},
  doi          = {10.5281/zenodo.188169},
  owner        = {chymera},
  timestamp    = {2017.07.06},
}

@Electronic{labbookdb,
  author       = {Horea Christian},
  year         = {2017},
  title        = {LabbookDB - Lab Book Database Schema with Information Addition, Retrieval, and Reporting Functions},
  howpublished = {GitHub},
  url          = {https://github.com/TheChymera/LabbookDB},
  doi          = {10.5281/zenodo.823366},
  owner        = {chymera},
  timestamp    = {2017.07.06},
}

@Comment{jabref-meta: databaseType:bibtex;}
