@article{cite_brad01,
  author = {Bradski, Gary},
  title = {The OpenCV Library},
  journal = {Dr Dobb's Journal of Software Tools},
  year = {2000}
}

@book{cite_bra01,
  author = {Braitenberg, Valentino},
  title = {Vehicles: Experiments in synthetic psychology},
  year = {1984},
  publisher = {MIT Press},
  address = {Cambridge, MA}
}

@book{cite_hal01,
  author = {Halstead, Maurice H.},
  title = {Elements of software science},
  year = {1977},
  publisher = {Elsevier},
  address = {New York}
}

@article{cite_mcc01,
  author = {McCabe, Thomas J.},
  title = {A Complexity Measure},
  journal = {IEEE Transactions on Software Engineering},
  volume = {2},
  number = {4},
  pages = {308--320},
  year = {1976}
}

@misc{cite_newapi01,
  title = {New Python API for Webots},
  howpublished = {\url{https://github.com/Justin-Fisher/new_python_api_for_webots}}
}

@misc{cite_numpy,
  title = {Numerical Python},
  howpublished = {\url{https://www.numpy.org}}
}

@misc{cite_ode,
  title = {Open Dynamics Engine},
  howpublished = {\url{https://www.ode.org}}
}

@misc{cite_opencv,
  title = {Open Source Computer Vision Library for Python},
  howpublished = {\url{https://github.com/opencv/opencv-python}}
}

@misc{cite_pil,
  title = {Python Imaging Library},
  howpublished = {\url{https://python-pillow.org}}
}

@inproceedings{cite_pos01,
  author = {Posnett, Dave and Hindle, Abram and Devanbu, Premkumar},
  title = {A simpler model of software readability},
  booktitle = {Proceedings of the 8th working conference on mining software repositories},
  pages = {73--82},
  year = {2011}
}

@misc{cite_radon,
  title = {Radon},
  howpublished = {\url{https://radon.readthedocs.io/en/latest/index.html}}
}

@misc{cite_scipy,
  title = {SciPy Library},
  howpublished = {\url{https://www.scipy.org}}
}

@misc{cite_sdtc,
  title = {Supervisor Draw Trail Sample},
  howpublished = {\url{https://cyberbotics.com/doc/guide/samples-howto#supervisor_draw_trail-wbt}}
}

@misc{cite_sdtnew,
  title = {New API Supervisor Draw Trail Sample},
  howpublished = {\url{https://github.com/Justin-Fisher/new_python_api_for_webots/blob/d180bcc7f505f8168246bee379f8067dfaf373ea/webots_new_python_api_samples/controllers/supervisor_draw_trail_python/supervisor_draw_trail_new_api_bare_bones.py}}
}

@misc{cite_sdtold,
  title = {Old API Supervisor Draw Trail Sample},
  howpublished = {\url{https://github.com/Justin-Fisher/new_python_api_for_webots/blob/d180bcc7f505f8168246bee379f8067dfaf373ea/webots_new_python_api_samples/controllers/supervisor_draw_trail_python/supervisor_draw_trail_old_api_bare_bones.py}}
}

@misc{cite_webots,
  title = {Webots Open Source Robotic Simulator},
  howpublished = {\url{https://cyberbotics.com}}
}
