
@InProceedings{ yu_feng-proc-scipy-2016,
  author    = { {Y}u {F}eng and {N}ick {H}and },
  title     = { {L}aunching {P}ython {A}pplications on {P}eta-scale {M}assively {P}arallel {S}ystems },
  booktitle = { {P}roceedings of the 15th {P}ython in {S}cience {C}onference },
  pages     = { 137 - 143 },
  year      = { 2016 },
  editor    = { {S}ebastian {B}enthall and {S}cott {R}ostrup },
  doi       = { 10.25080/Majora-629e541a-013 }
}
