
@InProceedings{ martone_bacchio_pyrsb-proc-scipy-2021,
  author    = { {M}ichele {M}artone and {S}imone {B}acchio },
  title     = { {P}y{R}{S}{B}: {P}ortable {P}erformance on {M}ultithreaded {S}parse {B}{L}{A}{S} {O}perations },
  booktitle = { {P}roceedings of the 20th {P}ython in {S}cience {C}onference },
  pages     = { 106 - 114 },
  year      = { 2021 },
  editor    = { {M}eghann {A}garwal and {C}hris {C}alloway and {D}illon {N}iederhut and {D}avid {S}hupe },
  doi       = { 10.25080/majora-1b6fd038-00e }
}
