@article{shahriari-ieee16a,
 author    = {B. Shahriari and K. Swersky and Z. Wang and R. Adams and N. de Freitas},
 title     = {Taking the Human Out of the Loop: {A} Review of {B}ayesian Optimization},
 journal   = {Proceedings of the {IEEE}},
 volume    = {104},
 number    = {1},
 pages     = {148--175},
 year      = {2016}
}


@article{hodlr,
 author = {{Ambikasaran}, S. and {Foreman-Mackey}, D. and
          {Greengard}, L. and {Hogg}, D.~W. and {O'Neil}, M.},
 title = "{Fast Direct Methods for Gaussian Processes and the Analysis of NASA Kepler Mission Data}",
 year = 2014,
 month = mar,
 url = http://arxiv.org/abs/1403.6015
}

@inproceedings{snoek-icml15a,
  author    = {J. Snoek and
               O. Rippel and
               K. Swersky and
               R. Kiros and
               N. Satish and
               N. Sundaram and
               M. Patwary and
               Prabhat and
               R. Adams},
  title     = {Scalable {B}ayesian Optimization Using Deep Neural Networks},
  booktitle = {Proceedings of the 32nd International Conference on Machine Learning (ICML'15)},
  year      = {2015},
  pages     = {2171--2180}
}

@inproceedings{springenberg-nips2016,
       booktitle = {Advances in Neural Information Processing Systems 29},
           month = {December},
           title = {Bayesian optimization with robust Bayesian neural networks},
          author = {J. T. Springenberg and A. Klein and S. Falkner and F. Hutter},
            year = {2016}
}



@InProceedings{li-iclr17,
	author   = {L. Li and K. Jamieson and G. DeSalvo and A. Rostamizadeh and A. Talwalkar},
	title    = {Hyperband: Bandit-Based Configuration Evaluation for Hyperparameter Optimization},
	booktitle = {Proc. of ICLR'17},
    year      = {2017},
}

@inproceedings{snoek-nips12a,
  author    = {J. Snoek and H. Larochelle and R. P. Adams},
  title     = {Practical {B}ayesian Optimization of Machine Learning Algorithms},
  pages     = {2960-2968},
  crossref  = {nips12},
  keywords = {Hyper-Parameter Optimization}
}


@Article{bergstra-jmlr12a,
    author = {J. Bergstra and Y. Bengio},
    title = {Random Search for Hyper-Parameter Optimization},
    journal = jmlr,
    volume = {13},
    year = {2012},
    pages = {281-305},
    keywords = {Hyper-Parameter Optimization}
}

@InProceedings{eggensperger-bayesopt13,
    title	= {Towards an empirical foundation for assessing {Bayesian} optimization of hyperparameters},
    author	= {K. Eggensperger and M. Feurer and F. Hutter and J. Bergstra and J. Snoek and H. Hoos and K. Leyton-Brown},
    booktitle	= {NIPS Workshop on {B}ayesian Optimization in Theory and Practice (BayesOpt'13)},
    year	= {2013},
    keywords = {Hyper-Parameter Optimization}
}

@InProceedings{hutter-lion11a,
    author    = {F. Hutter and H. Hoos and K. Leyton-Brown},
    title     = {Sequential Model-Based Optimization for General Algorithm Configuration},
    pages     = {507-523},
    crossref  = {lion11},
    keywords = {Algorithm Configuration}
}


@inproceedings{hutter-icml14a,
  title    = {An Efficient Approach for Assessing Hyperparameter Importance},
  author   = {F. Hutter and H. Hoos and K. Leyton-Brown},
  crossref = {icml14},
  pages    = {754-762}
}


@online{mongo,
	url={https://www.mongodb.com/},
	title={MongoDB},
	author="{MongoDB, Inc.}",
	note = {[cit. 2017-05-28]},
	howpublished = {[online]},
	year="2017"
}

@inproceedings{janin2014care,
  title={Care, the comprehensive archiver for reproducible execution},
  author={Janin, Yves and Vincent, C{\'e}dric and Duraffort, R{\'e}mi},
  booktitle={Proceedings of the 1st ACM SIGPLAN Workshop on Reproducible Research Methodologies and New Publication Models in Computer Engineering},
  pages={1},
  year={2014},
  organization={ACM}
}

@article{pham2013using,
  title={Using Provenance for Repeatability.},
  author={Pham, Quan and Malik, Tanu and Foster, Ian T},
  journal={TaPP},
  volume={13},
  pages={2},
  year={2013}
}

@inproceedings{chirigati2016reprozip,
  title={Reprozip: Computational reproducibility with ease},
  author={Chirigati, Fernando and Rampin, R{\'e}mi and Shasha, Dennis and Freire, Juliana},
  booktitle={Proceedings of the 2016 International Conference on Management of Data},
  pages={2085--2088},
  year={2016},
  organization={ACM}
}
@online{sacredboard,
	title = {Sacredboard},
	author={Martin Chovanec},
	url={http://github.com/chovanecm/sacredboard},
	note = {[cit. 2017-04-29]},
	howpublished = {[online]}
}

@online{tensorflow,
	author = "{Google Inc.}",
	title = {TensorFlow},
	url = {www.tensorflow.org},
	note = {[cit. 2017-05-29]},
	howpublished = {[online]}
}

@article{davison2012,
  title={Automated capture of experiment context for easier reproducibility in computational research},
  author={Davison, Andrew},
  journal={Computing in Science \& Engineering},
  volume={14},
  number={4},
  pages={48--56},
  year={2012},
  publisher={AIP Publishing}
}


@article{guo2012,
  title={CDE: A tool for creating portable experimental software packages},
  author={Guo, Philip},
  journal={Computing in Science \& Engineering},
  volume={14},
  number={4},
  pages={32--35},
  year={2012},
  publisher={AIP Publishing}
}

@misc{jobman,
   author = "Jobman",
   title = "Welcome -- jobman 0.1 documentation",
   year = "2012",
   url = "http://deeplearning.net/software/jobman/",
   note = "[Online; accessed 30-May-2017]"
}

@misc{neptune,
   author = "deepsense.io",
   title = "Neptune | deepsense.io",
   year = "2017",
   url = "https://deepsense.io/neptune/",
   note = "[Online; accessed 30-May-2017]"
}

@misc{aetros,
   author = "Aetros",
   title = "Home // Aetros",
   year = "2017",
   url = "http://aetros.com/",
   note = "[Online; accessed 30-May-2017]"
}


@misc{fglab,
   author = "Kai Arulkumaran",
   title = "FGLab: Machine Learning Dashboard",
   year = "2017",
   url = "https://kaixhin.github.io/FGLab/",
   note = "[Online; accessed 30-May-2017]"
}

@article{vanschoren2012,
  title = {Experiment databases},
  volume = {87},
  issn = {0885-6125, 1573-0565},
  url = {http://link.springer.com/article/10.1007/s10994-011-5277-0},
  doi = {10.1007/s10994-011-5277-0},
  language = {en},
  timestamp = {2015-07-21 12:32:59},
  number = {2},
  urldate = {2015-07-21},
  journal = {Machine Learning},
  author = {Vanschoren, Joaquin and Blockeel, Hendrik and Pfahringer, Bernhard and Holmes, Geoffrey},
  month = jan,
  year = {2012},
  keywords = {Artificial Intelligence (incl. Robotics),Computing Methodologies,Control, Robotics, Mechatronics,Databases,Experimental methodology,Language Translation and Linguistics,Machine learning,Meta-learning,Simulation and Modeling},
  pages = {127--158}
}

@article{smith2014,
  arxiv = {1405.7292},
  title = {An Easy to Use Repository for Comparing and Improving Machine Learning Algorithm Usage},
  url = {http://arxiv.org/abs/1405.7292},
  timestamp = {2015-07-22 08:16:07},
  urldate = {2015-07-22},
  journal = {{arXiv}:1405.7292 {[}cs, stat]},
  author = {Smith, Michael R. and White, Andrew and Giraud-Carrier, Christophe and Martinez, Tony},
  month = may,
  year = {2014},
  keywords = {Computer Science - Learning,Statistics - Machine Learning}
}

@misc{empirical,
   author = "empiricalci",
   title = "Empirical",
   year = "2017",
   url = "https://empiricalci.com/",
   note = "[Online; accessed 30-May-2017]"
}

@book{gamma1994,
  title={Design patterns: elements of reusable object-oriented software},
  author={Gamma, Erich and Helm, Richard and Johnson, Ralph and Vlissides, John},
  year={1994},
  publisher={Pearson Education}
}

@article{greff2015,
  title={LSTM: A Search Space Odyssey},
  author={Greff, Klaus and Srivastava, Rupesh Kumar and Koutn{\'\i}k, Jan and Steunebrink, Bas R and Schmidhuber, J{\"u}rgen},
  journal={arXiv preprint arXiv:1503.04069},
  year={2015}
}


@misc{telegram,
   author = {Durov, Pavel and Durov, Nikolai},
   title = "Telegram Messenger",
   year = "2017",
   url = "https://telegram.org/",
   note = "[Online; accessed 06-June-2017]"
}

@misc{slack,
   author = {Slack},
   title = "Slack: Where work happens",
   year = "2017",
   url = "https://slack.com/",
   note = "[Online; accessed 06-June-2017]"
}

@article{vanschoren2014,
  title = {{OpenML}: networked science in machine learning},
  volume = {15},
  shorttitle = {{OpenML}},
  url = {http://dl.acm.org/citation.cfm?id=2641198},
  timestamp = {2015-07-22 08:18:26},
  number = {2},
  urldate = {2015-07-22},
  journal = {{ACM} {SIGKDD} Explorations Newsletter},
  author = {Vanschoren, Joaquin and van Rijn, Jan N. and Bischl, Bernd and Torgo, Luis},
  year = {2014},
  pages = {49--60}
}

@article{wolstencroft2013taverna,
  title={The Taverna workflow suite: designing and executing workflows of Web Services on the desktop, web or in the cloud},
  author={Wolstencroft, Katherine and Haines, Robert and Fellows, Donal and Williams, Alan and Withers, David and Owen, Stuart and Soiland-Reyes, Stian and Dunlop, Ian and Nenadic, Aleksandra and Fisher, Paul and others},
  journal={Nucleic acids research},
  volume={41},
  number={W1},
  pages={W557--W561},
  year={2013},
  publisher={Oxford University Press}
}

@inproceedings{altintas2004kepler,
  title={Kepler: an extensible system for design and execution of scientific workflows},
  author={Altintas, Ilkay and Berkley, Chad and Jaeger, Efrat and Jones, Matthew and Ludascher, Bertram and Mock, Steve},
  booktitle={Scientific and Statistical Database Management, 2004. Proceedings. 16th International Conference on},
  pages={423--424},
  year={2004},
  organization={IEEE}
}

@inproceedings{bavoil2005vistrails,
  title={Vistrails: Enabling interactive multiple-view visualizations},
  author={Bavoil, Louis and Callahan, Steven P and Crossno, Patricia J and Freire, Juliana and Scheidegger, Carlos E and Silva, Cl{\'a}udio T and Vo, Huy T},
  booktitle={Visualization, 2005. VIS 05. IEEE},
  pages={135--142},
  year={2005},
  organization={IEEE}
}

@article{giardine2005galaxy,
  title={Galaxy: a platform for interactive large-scale genome analysis},
  author={Giardine, Belinda and Riemer, Cathy and Hardison, Ross C and Burhans, Richard and Elnitski, Laura and Shah, Prachi and Zhang, Yi and Blankenberg, Daniel and Albert, Istvan and Taylor, James and others},
  journal={Genome research},
  volume={15},
  number={10},
  pages={1451--1455},
  year={2005},
  publisher={Cold Spring Harbor Lab}
}


@misc{reskit,
   author = {Ivanov, Alexander and Petrov, Dmitry},
   title = "Reskit: Researcher Kit for Reproducible Machine Learning Experiments",
   year = "2017",
   url = "https://github.com/neuro-ml/reskit",
   note = "[Online; accessed 29-June-2017]"
}

@misc{fblearner_flow,
   author = {Jeffrey Dunn},
   title = "Introducing FBLearner Flow: Facebook's AI backbone",
   year = "2016",
   url = "https://code.facebook.com/posts/1072626246134461/introducing-fblearner-flow-facebook-s-ai-backbone/",
   note = "[Online; accessed 29-June-2017]"
}

@inproceedings{pimentel2015collecting,
  title={Collecting and analyzing provenance on interactive notebooks: when IPython meets noWorkflow},
  author={Pimentel, Jo{\~a}o Felipe Nicolaci and Braganholo, Vanessa and Murta, Leonardo and Freire, Juliana},
  booktitle={Workshop on the Theory and Practice of Provenance (TaPP), Edinburgh, Scotland},
  pages={155--167},
  year={2015}
}

@inproceedings{huq2013provenance,
 author = {Huq, Mohammad Rezwanul and Apers, Peter M. G. and Wombacher, Andreas},
 title = {ProvenanceCurious: A Tool to Infer Data Provenance from Scripts},
 booktitle = {Proceedings of the 16th International Conference on Extending Database Technology},
 series = {EDBT '13},
 year = {2013},
 isbn = {978-1-4503-1597-5},
 location = {Genoa, Italy},
 pages = {765--768},
 numpages = {4},
 url = {http://doi.acm.org/10.1145/2452376.2452475},
 doi = {10.1145/2452376.2452475},
 acmid = {2452475},
 publisher = {ACM},
 address = {New York, NY, USA},
 keywords = {code analysis, data provenance, scientific models},
}

@incollection{bochner2008python,
 author = {Bochner, Carsten and Gude, Roland and Schreiber, Andreas},
 chapter = {A Python Library for Provenance Recording and Querying},
 title = {Provenance and Annotation of Data and Processes},
 editor = {Freire, Juliana and Koop, David and Moreau, Luc},
 year = {2008},
 isbn = {978-3-540-89964-8},
 pages = {229--240},
 numpages = {12},
 url = {https://doi.org/10.1007/978-3-540-89965-5_24},
 doi = {10.1007/978-3-540-89965-5_24},
 acmid = {1484372},
 publisher = {Springer-Verlag},
 address = {Berlin, Heidelberg},
}



