
@InProceedings{ hameer_abbasi-proc-scipy-2018,
  author    = { {H}ameer {A}bbasi },
  title     = { {S}parse: {A} more modern sparse array library },
  booktitle = { {P}roceedings of the 17th {P}ython in {S}cience {C}onference },
  pages     = { 65 - 68 },
  year      = { 2018 },
  editor    = { {F}atih {A}kici and {D}avid {L}ippa and {D}illon {N}iederhut and {M} {P}acer },
  doi       = { 10.25080/Majora-4af1f417-00a }
}
