@article{liu1989limited,
  title={On the limited memory {BFGS} method for large scale optimization},
  author={Liu, Dong C and Nocedal, Jorge},
  journal={Mathematical programming},
  volume={45},
  number={1-3},
  pages={503--528},
  year={1989},
  publisher={Springer}
}

@article{mu1991organization,
  title={An Organization of Sparse {Gauss} Elimination for Solving {PDEs} on Distributed Memory Machines},
  author={Mu, Mo and Rice, John R},
  year={1991}
}

@article{tipping2001sparse,
  title={Sparse {Bayesian} learning and the relevance vector machine},
  author={Tipping, Michael E},
  journal={Journal of machine learning research},
  volume={1},
  number={Jun},
  pages={211--244},
  year={2001}
}

@inproceedings{nickel2011three,
  title={A Three-Way Model for Collective Learning on Multi-Relational Data.},
  author={Nickel, Maximilian and Tresp, Volker and Kriegel, Hans-Peter},
  booktitle={ICML},
  volume={11},
  pages={809--816},
  year={2011}
}

@software{scipy,
  author = {{SciPy developers}},
  title = {SciPy},
  url = {https://www.scipy.org/},
  version = {1.1.0},
  date = {2018-05-05},
  year = 2018,
}

@software{dask,
  author = {{Dask core developers}},
  title = {Dask},
  url = {https://dask.pydata.org/en/latest/},
  version = {0.17.5},
  date = {2018-05-16},
  year = 2018,
}

@software{xarray,
  author = {{xarray Developers}},
  title = {xarray},
  url = {https://xarray.pydata.org/en/stable/},
  version = {0.10.4},
  date = {2018-05-16},
  year = 2018,
}

@software{numpy,
  author = {{NumPy developers}},
  title = {NumPy},
  url = {https://www.numpy.org/},
  version = {1.14.3},
  date = {2018-04-28},
  year = 2018,
}

@software{sparse,
  author = {{Sparse developers}},
  title = {Sparse},
  url = {https://sparse.pydata.org/en/latest/},
  version = {dev},
  date = {2018-05-21},
  year = 2018,
}

@software{numba,
  author = {{Anaconda, Inc.}},
  title = {Numba},
  url = {https://numba.pydata.org/},
  version = {0.38},
  date = {2018-05-22},
  year = 2018,
}

@software{cython,
  author = {{Cython developers}},
  title = {Cython},
  url = {http://cython.org/},
  version = {0.28.2},
  date = {2018-05-22},
  year = 2018,
}

@online{sparse-elemwise,
  author = {{Sparse developers}},
  title = {{Sparse Implementation: Elemwise}},
  url = {https://github.com/pydata/sparse/blob/b51d74924d62ff6537b15ce4e1dd4e56080a3b6f/sparse/coo/umath.py#L12},
  urldate = {2018-06-25},
}

@online{sparse-reductions,
  author = {{Sparse developers}},
  title = {{Sparse Implementation: Reductions}},
  url = {https://github.com/pydata/sparse/blob/b51d74924d62ff6537b15ce4e1dd4e56080a3b6f/sparse/coo/core.py#L564},
  urldate = {2018-06-25},
}

@online{sparse-elemwise-ndarray,
  author = {{Sparse developers}},
  title = {{Sparse Issue: Allow ndarray in elemwise again}},
  url = {https://github.com/pydata/sparse/issues/124},
  urldate = {2018-06-25},
}

@online{sparse-arbitrary-fill-value,
  author = {{Sparse developers}},
  title = {{Sparse Issue: Arbitrary fill value}},
  url = {https://github.com/pydata/sparse/issues/143},
  urldate = {2018-06-25},
}

@online{sparse-lib-decision,
  author = {{Sparse developers}},
  title = {{Sparse Issue: Use Cython, Numba, or C/C++ for algorithmic code}},
  url = {https://github.com/pydata/sparse/issues/143},
  urldate = {2018-07-03},
}
