
@InProceedings{ lauer_bare_gaertig-proc-scipy-2021,
  author    = { {Z}oufin\'e {L}auer-{B}ar\'e and {E}rich {G}aertig },
  title     = { {C}onformal {M}appings with {S}ym{P}y: {T}owards {P}ython-driven {A}nalytical {M}odeling in {P}hysics },
  booktitle = { {P}roceedings of the 20th {P}ython in {S}cience {C}onference },
  pages     = { 85 - 93 },
  year      = { 2021 },
  editor    = { {M}eghann {A}garwal and {C}hris {C}alloway and {D}illon {N}iederhut and {D}avid {S}hupe },
  doi       = { 10.25080/majora-1b6fd038-00b }
}
