
@InProceedings{ nadia_tahiri-proc-scipy-2019,
  author    = { {N}adia {T}ahiri and {B}ogdan {M}azoure and {V}ladimir {M}akarenkov },
  title     = { {A}n intelligent shopping list based on the application of partitioning and machine learning algorithms },
  booktitle = { {P}roceedings of the 18th {P}ython in {S}cience {C}onference },
  pages     = { 85 - 92 },
  year      = { 2019 },
  editor    = { {C}hris {C}alloway and {D}avid {L}ippa and {D}illon {N}iederhut and {D}avid {S}hupe },
  doi       = { 10.25080/Majora-7ddc1dd1-00c }
}
