@inproceedings{agrawal1994fast,
  title={Fast algorithms for mining association rules},
  author={Agrawal, Rakesh and Srikant, Ramakrishnan and others},
  booktitle={Proc. 20th int. conf. very large data bases, VLDB},
  volume={1215},
  pages={487--499},
  year={1994}
}

@misc{instacart_2017, 
  title={The Instacart Online Grocery Shopping Dataset}, 
  url={https://www.instacart.com/datasets/grocery-shopping-2017}, 
  journal={Instacart}, year={2017}, month={May}
}

@inproceedings{lipton2014optimal,
  title={Optimal thresholding of classifiers to maximize F1 measure},
  author={Lipton, Zachary C and Elkan, Charles and Naryanaswamy, Balakrishnan},
  booktitle={Joint European Conference on Machine Learning and Knowledge Discovery in Databases},
  pages={225--239},
  year={2014},
  organization={Springer}
}

@article{nan2012optimizing,
  title={Optimizing F-measure: A tale of two approaches},
  author={Nan, Ye and Chai, Kian Ming and Lee, Wee Sun and Chieu, Hai Leong},
  journal={arXiv preprint arXiv:1206.4625},
  year={2012}
}

@article{friedman2002stochastic,
  title={Stochastic gradient boosting},
  author={Friedman, Jerome H},
  journal={Computational Statistics \& Data Analysis},
  volume={38},
  number={4},
  pages={367--378},
  year={2002},
  publisher={Elsevier}
}

@article{walters2003exploring,
  title={Exploring the relationships between shopping trip type, purchases of products on promotion, and shopping basket profit},
  author={Walters, Rockney G and Jamil, Maqbul},
  journal={Journal of Business Research},
  volume={56},
  number={1},
  pages={17--29},
  year={2003},
  publisher={Elsevier}
}

@article{tanusondjaja2016understanding,
  title={Understanding shopper transaction data: how to identify cross-category purchasing patterns using the duplication coefficient},
  author={Tanusondjaja, Arry and Nenycz-Thiel, Magda and Kennedy, Rachel},
  journal={International Journal of Market Research},
  volume={58},
  number={3},
  pages={401--419},
  year={2016},
  publisher={SAGE Publications Sage UK: London, England}
}

@article{walters2002measuring,
  title={Measuring cross-category specials purchasing: theory, empirical results, and implications},
  author={Walters, Rockney and Jamil, Maqbul},
  journal={Journal of Market-Focused Management},
  volume={5},
  number={1},
  pages={25--42},
  year={2002},
  publisher={Springer}
}

@article{tanusondjaja2016exploring,
  title={Exploring the past behaviour of new brand buyers},
  author={Tanusondjaja, Arry and Trinh, Giang and Romaniuk, Jenni},
  journal={International Journal of Market Research},
  volume={58},
  number={5},
  pages={733--747},
  year={2016},
  publisher={SAGE Publications Sage UK: London, England}
}

@article{walters2003exploring,
  title={Exploring the relationships between shopping trip type, purchases of products on promotion, and shopping basket profit},
  author={Walters, Rockney G and Jamil, Maqbul},
  journal={Journal of Business Research},
  volume={56},
  number={1},
  pages={17--29},
  year={2003},
  publisher={Elsevier}
}

@article{walters2002measuring,
  title={Measuring cross-category specials purchasing: theory, empirical results, and implications},
  author={Walters, Rockney and Jamil, Maqbul},
  journal={Journal of Market-Focused Management},
  volume={5},
  number={1},
  pages={25--42},
  year={2002},
  publisher={Springer}
}

@inproceedings{newcomb2003mobile,
  title={Mobile computing in the retail arena},
  author={Newcomb, Erica and Pashley, Toni and Stasko, John},
  booktitle={Proceedings of the SIGCHI Conference on Human Factors in Computing Systems},
  pages={337--344},
  year={2003},
  organization={ACM}
}

@misc{fazliu2017utforskande,
  title={En utforskande studie: ink{\"o}pslistor som app},
  author={Fazliu, Fatlume},
  year={2017}
}

@article{nan2012optimizing,
  title={Optimizing F-measure: A tale of two approaches},
  author={Nan, Ye and Chai, Kian Ming and Lee, Wee Sun and Chieu, Hai Leong},
  journal={arXiv preprint arXiv:1206.4625},
  year={2012}
}

@book{goodfellow2016deep,
  title={Deep learning},
  author={Goodfellow, Ian and Bengio, Yoshua and Courville, Aaron},
  year={2016},
  publisher={MIT press}
}

@article{girija2016tensorflow,
  title={Tensorflow: Large-scale machine learning on heterogeneous distributed systems},
  author={Girija, Sanjay Surendranath},
  journal={Software available from tensorflow. org},
  year={2016}
}

@article{hochreiter1997long,
  title={Long short-term memory},
  author={Hochreiter, Sepp and Schmidhuber, J{\"u}rgen},
  journal={Neural computation},
  volume={9},
  number={8},
  pages={1735--1780},
  year={1997},
  publisher={MIT Press}
}

@article{jain2010data,
  title={Data clustering: 50 years beyond K-means},
  author={Jain, Anil K},
  journal={Pattern recognition letters},
  volume={31},
  number={8},
  pages={651--666},
  year={2010},
  publisher={Elsevier}
}

@inproceedings{pelleg2000x,
  title={X-means: extending k-means with efficient estimation of the number of clusters.},
  author={Pelleg, Dan and Moore, Andrew W and others},
  booktitle={Icml},
  volume={1},
  pages={727--734},
  year={2000}
}

@book{jolliffe2011principal,
  title={Principal component analysis},
  author={Jolliffe, Ian},
  year={2011},
  publisher={Springer}
}

@article{kundu2005generalized,
  title={Generalized Rayleigh distribution: different methods of estimations},
  author={Kundu, Debasis and Raqab, Mohammad Z},
  journal={Computational statistics \& data analysis},
  volume={49},
  number={1},
  pages={187--200},
  year={2005},
  publisher={Elsevier}
}

@inproceedings{rasmussen2003gaussian,
  title={Gaussian processes in machine learning},
  author={Rasmussen, Carl Edward},
  booktitle={Summer School on Machine Learning},
  pages={63--71},
  year={2003},
  organization={Springer}
}