
@InProceedings{ mandli_etal-proc-scipy-2011,
  author    = { {K}yle {T}. {M}andli and {A}mal {A}lghamdi and {A}ron {A}hmadia and {D}avid {I}. {K}etcheson and {W}illiam {S}cullin },
  title     = { {U}sing {P}ython to {C}onstruct a {S}calable {P}arallel {N}onlinear {W}ave {S}olver },
  booktitle = { {P}roceedings of the 10th {P}ython in {S}cience {C}onference },
  pages     = { 70 - 75 },
  year      = { 2011 },
  editor    = { {S}t\'efan van der {W}alt and {J}arrod {M}illman },
  doi       = { 10.25080/Majora-ebaa42b7-00c }
}
