
@InProceedings{ dharhas_pothina-proc-scipy-2011,
  author    = { {D}harhas {P}othina and {A}ndrew {W}ilson },
  title     = { {U}sing {P}ython, {P}artnerships, {S}tandards and {W}eb {S}ervices to provide {W}ater {D}ata for {T}exans },
  booktitle = { {P}roceedings of the 10th {P}ython in {S}cience {C}onference },
  pages     = { 44 - 47 },
  year      = { 2011 },
  editor    = { {S}t\'efan van der {W}alt and {J}arrod {M}illman },
  doi       = { 10.25080/Majora-ebaa42b7-007 }
}
