
@InProceedings{ brian_chapman-proc-scipy-2015,
  author    = { {B}rian {E}. {C}hapman, {P}h.{D}. and {J}eannie {I}rwin, {P}h.{D}. },
  title     = { {P}ython as a {F}irst {P}rogramming {L}anguage for {B}iomedical {S}cientists },
  booktitle = { {P}roceedings of the 14th {P}ython in {S}cience {C}onference },
  pages     = { 12 - 17 },
  year      = { 2015 },
  editor    = { {K}athryn {H}uff and {J}ames {B}ergstra },
  doi       = { 10.25080/Majora-7b98e3ed-002 }
}
