%YT
@ARTICLE{yt,
   author = {{Turk}, M.~J. and {Smith}, B.~D. and {Oishi}, J.~S. and {Skory}, S. and
{Skillman}, S.~W. and {Abel}, T. and {Norman}, M.~L.},
    title = "{yt: A Multi-code Analysis Toolkit for Astrophysical Simulation Data}",
  journal = {The Astrophysical Journal Supplement Series},
archivePrefix = "arXiv",
   eprint = {1011.3514},
 primaryClass = "astro-ph.IM",
 keywords = {cosmology: theory, methods: data analysis, methods: numerical},
     year = 2011,
    month = jan,
   volume = 192,
      eid = {9},
    pages = {9},
	note = {\url{https://doi.org/10.1088/0067-0049/192/1/9}},
   adsurl = {http://adsabs.harvard.edu/abs/2011ApJS..192....9T},
  adsnote = {Provided by the SAO/NASA Astrophysics Data System}
}

% ENZO
@ARTICLE{enzo,
   author = {{Bryan}, G.~L. and {Norman}, M.~L. and {O'Shea}, B.~W. and {Abel}, T. and
   {Wise}, J.~H. and {Turk}, M.~J. and {Reynolds}, D.~R. and {Collins}, D.~C. and
   {Wang}, P. and {Skillman}, S.~W. and {Smith}, B. and {Harkness}, R.~P. and
   {Bordner}, J. and {Kim}, J.-h. and {Kuhlen}, M. and {Xu}, H. and
   {Goldbaum}, N. and {Hummels}, C. and {Kritsuk}, A.~G. and {Tasker}, E. and
   {Skory}, S. and {Simpson}, C.~M. and {Hahn}, O. and {Oishi}, J.~S. and
   {So}, G.~C. and {Zhao}, F. and {Cen}, R. and {Li}, Y. and {The Enzo Collaboration}
   },
    title = "{ENZO: An Adaptive Mesh Refinement Code for Astrophysics}",
  journal = {The Astrophysical Journal Supplement Series},
archivePrefix = "arXiv",
   eprint = {1307.2265},
 primaryClass = "astro-ph.IM",
 keywords = {hydrodynamics, methods: numerical },
     year = 2014,
    month = apr,
   volume = 211,
      eid = {19},
    pages = {19},
	note = {\url{https://doi.org/10.1088/0067-0049/211/2/19}},
   adsurl = {http://adsabs.harvard.edu/abs/2014ApJS..211...19B},
  adsnote = {Provided by the SAO/NASA Astrophysics Data System}
}

% NumPy
@Article{numpy,
 title         = {Array programming with {NumPy}},
 author        = {Charles R. Harris and K. Jarrod Millman and St{\'{e}}fan J.
                 van der Walt and Ralf Gommers and Pauli Virtanen and David
                 Cournapeau and Eric Wieser and Julian Taylor and Sebastian
                 Berg and Nathaniel J. Smith and Robert Kern and Matti Picus
                 and Stephan Hoyer and Marten H. van Kerkwijk and Matthew
                 Brett and Allan Haldane and Jaime Fern{\'{a}}ndez del
                 R{\'{i}}o and Mark Wiebe and Pearu Peterson and Pierre
                 G{\'{e}}rard-Marchant and Kevin Sheppard and Tyler Reddy and
                 Warren Weckesser and Hameer Abbasi and Christoph Gohlke and
                 Travis E. Oliphant},
 year          = {2020},
 month         = sep,
 journal       = {Nature},
 volume        = {585},
 number        = {7825},
 pages         = {357--362},
	note = {\url{https://doi.org/10.1038/s41586-020-2649-2}},
 publisher     = {Springer Science and Business Media {LLC}},
 url           = {https://doi.org/10.1038/s41586-020-2649-2}
}

% Matplotlib
@Article{matplotlib,
  Author    = {Hunter, J. D.},
  Title     = {Matplotlib: A 2D graphics environment},
  Journal   = {Computing in Science \& Engineering},
  Volume    = {9},
  Number    = {3},
  Pages     = {90--95},
  abstract  = {Matplotlib is a 2D graphics package used for Python for
  application development, interactive scripting, and publication-quality
  image generation across user interfaces and operating systems.},
  publisher = {IEEE COMPUTER SOC},
	note = {\url{https://doi.org/10.1109/MCSE.2007.55}},
  year      = 2007
}

% GAMER-2
@ARTICLE{gamer-2,
    author = {Schive, Hsi-Yu and ZuHone, John A and Goldbaum, Nathan J and Turk, Matthew J and Gaspari, Massimo and Cheng, Chin-Yu},
    title = "{gamer-2: a GPU-accelerated adaptive mesh refinement code â€“ accuracy, performance, and scalability}",
    journal = {Monthly Notices of the Royal Astronomical Society},
    volume = {481},
    number = {4},
    pages = {4815-4840},
    year = {2018},
    month = {09},
    issn = {0035-8711},
	note = {\url{https://doi.org/10.1093/mnras/sty2586}},
    url = {https://doi.org/10.1093/mnras/sty2586},
    eprint = {https://academic.oup.com/mnras/article-pdf/481/4/4815/25981903/sty2586.pdf},
}

% Fuzzy Wave Dark Matter
@ARTICLE{Schive2014a,
   author = {{Schive}, H.-Y. and {Chiueh}, T. and {Broadhurst}, T.},
    title = "{Cosmic structure as the quantum interference of a coherent dark wave}",
  journal = {Nature Physics},
archivePrefix = "arXiv",
   eprint = {1406.6586},
     year = 2014,
    month = jul,
   volume = 10,
    pages = {496-499},
	note = {\url{https://doi.org/10.1038/nphys2996}},
   adsurl = {http://adsabs.harvard.edu/abs/2014NatPh..10..496S},
  adsnote = {Provided by the SAO/NASA Astrophysics Data System},
     note = "{(SCB14a)}",
}

@ARTICLE{Schive2014b,
   author = {{Schive}, H.-Y. and {Liao}, M.-H. and {Woo}, T.-P. and {Wong}, S.-K. and
        {Chiueh}, T. and {Broadhurst}, T. and {Hwang}, W.-Y.~P.},
    title = "{Understanding the Core-Halo Relation of Quantum Wave Dark Matter from 3D Simulations}",
  journal = {\prl},
archivePrefix = "arXiv",
   eprint = {1407.7762},
 keywords = {Dark matter, Tunneling Josephson effect Bose-Einstein condensates in periodic potentials solitons vortices and topological excitations, Dwarf galaxies, Galactic halos},
     year = 2014,
    month = dec,
   volume = 113,
   number = 26,
      eid = {261302},
    pages = {261302},
	note = {\url{https://doi.org/10.1103/PhysRevLett.113.261302}},
   adsurl = {http://adsabs.harvard.edu/abs/2014PhRvL.113z1302S},
  adsnote = {Provided by the SAO/NASA Astrophysics Data System},
     note = "{(S14b)}",
}

@ARTICLE{Athena,
       author = {{Stone}, James M. and {Gardiner}, Thomas A. and {Teuben}, Peter and {Hawley}, John F. and {Simon}, Jacob B.},
        title = "{Athena: A New Code for Astrophysical MHD}",
      journal = {\apjs},
     keywords = {hydrodynamics, MHD, methods: numerical, Astrophysics},
         year = 2008,
        month = sep,
       volume = {178},
       number = {1},
        pages = {137-177},
	note = {\url{https://doi.org/10.1086/588755}},
archivePrefix = {arXiv},
       eprint = {0804.0402},
 primaryClass = {astro-ph},
       adsurl = {https://ui.adsabs.harvard.edu/abs/2008ApJS..178..137S},
      adsnote = {Provided by the SAO/NASA Astrophysics Data System}
}

@ARTICLE{NuclearEoS,
       author = {{Steiner}, A.~W. and {Hempel}, M. and {Fischer}, T.},
        title = "{Core-collapse Supernova Equations of State Based on Neutron Star Observations}",
      journal = {The Astrophysical Journal},
     keywords = {equation of state, dense matter, hydrodynamics, stars: neutron, supernovae: general, Astrophysics - Solar and Stellar Astrophysics, Nuclear Theory},
         year = 2013,
        month = sep,
       volume = {774},
       number = {1},
          eid = {17},
        pages = {17},
	note = {\url{https://doi.org/10.1088/0004-637X/774/1/17}},
archivePrefix = {arXiv},
       eprint = {1207.2184},
 primaryClass = {astro-ph.SR},
       adsurl = {https://ui.adsabs.harvard.edu/abs/2013ApJ...774...17S},
      adsnote = {Provided by the SAO/NASA Astrophysics Data System}
}

@ARTICLE{Hu2000,
       author = {{Hu}, Wayne and {Barkana}, Rennan and {Gruzinov}, Andrei},
        title = "{Fuzzy Cold Dark Matter: The Wave Properties of Ultralight Particles}",
      journal = {\prl},
     keywords = {Astrophysics, High Energy Physics - Phenomenology},
         year = "2000",
        month = "Aug",
       volume = {85},
       number = {6},
        pages = {1158-1161},
	note = {\url{https://doi.org/10.1103/PhysRevLett.85.1158}},
archivePrefix = {arXiv},
       eprint = {astro-ph/0003365},
 primaryClass = {astro-ph},
       adsurl = {https://ui.adsabs.harvard.edu/abs/2000PhRvL..85.1158H},
      adsnote = {Provided by the SAO/NASA Astrophysics Data System}
}

@article{Chiueh1998,
  title = {Dynamical quantum chaos as fluid turbulence},
  author = {Chiueh, Tzihong},
  journal = {Phys. Rev. E},
  volume = {57},
  issue = {4},
  pages = {4150--4154},
  numpages = {0},
  year = {1998},
  month = {Apr},
  publisher = {American Physical Society},
	note = {\url{https://doi.org/10.1103/PhysRevE.57.4150}},
  url = {https://link.aps.org/doi/10.1103/PhysRevE.57.4150}
}

@ARTICLE{Hui2021,
       author = {{Hui}, Lam and {Joyce}, Austin and {Landry}, Michael J. and {Li}, Xinyu},
        title = "{Vortices and waves in light dark matter}",
      journal = {Journal of Cosmology and Astroparticle Physics},
     keywords = {Astrophysics - Cosmology and Nongalactic Astrophysics, Astrophysics - Astrophysics of Galaxies, General Relativity and Quantum Cosmology, High Energy Physics - Phenomenology, High Energy Physics - Theory},
         year = 2021,
        month = jan,
       volume = {2021},
       number = {1},
          eid = {011},
        pages = {011},
	note = {\url{https://doi.org/10.1088/1475-7516/2021/01/011}},
archivePrefix = {arXiv},
       eprint = {2004.01188},
 primaryClass = {astro-ph.CO},
       adsurl = {https://ui.adsabs.harvard.edu/abs/2021JCAP...01..011H},
      adsnote = {Provided by the SAO/NASA Astrophysics Data System}
}

@ARTICLE{Marsh2016,
   author = {{Marsh}, D.~J.~E.},
    title = "{Axion cosmology}",
  journal = {\physrep},
archivePrefix = "arXiv",
   eprint = {1510.07633},
     year = 2016,
    month = jul,
   volume = 643,
    pages = {1-79},
	note = {\url{https://doi.org/10.1016/j.physrep.2016.06.005}},
   adsurl = {http://adsabs.harvard.edu/abs/2016PhR...643....1M},
  adsnote = {Provided by the SAO/NASA Astrophysics Data System}
}

@ARTICLE{OConnor2018,
       author = {{O'Connor}, Evan P. and {Couch}, Sean M.},
        title = "{Two-dimensional Core-collapse Supernova Explosions Aided by General Relativity with Multidimensional Neutrino Transport}",
      journal = {The Astrophysical Journal},
     keywords = {hydrodynamics, methods: numerical, neutrinos, radiative transfer, stars: neutron, supernovae: general, Astrophysics - High Energy Astrophysical Phenomena, Astrophysics - Solar and Stellar Astrophysics, General Relativity and Quantum Cosmology},
         year = 2018,
        month = feb,
       volume = {854},
       number = {1},
          eid = {63},
        pages = {63},
	note = {\url{https://doi.org/10.3847/1538-4357/aaa893}},
archivePrefix = {arXiv},
       eprint = {1511.07443},
 primaryClass = {astro-ph.HE},
       adsurl = {https://ui.adsabs.harvard.edu/abs/2018ApJ...854...63O},
      adsnote = {Provided by the SAO/NASA Astrophysics Data System}
}

@ARTICLE{Liebendorfer2005,
       author = {{Liebend{\"o}rfer}, Matthias},
        title = "{A Simple Parameterization of the Consequences of Deleptonization for Simulations of Stellar Core Collapse}",
      journal = {The Astrophysical Journal},
     keywords = {Hydrodynamics, Methods: Numerical, Neutrinos, Radiative Transfer, Stars: Supernovae: General, Astrophysics},
         year = 2005,
        month = nov,
       volume = {633},
       number = {2},
        pages = {1042-1051},
	note = {\url{https://doi.org/10.1086/466517}},
archivePrefix = {arXiv},
       eprint = {astro-ph/0504072},
 primaryClass = {astro-ph},
       adsurl = {https://ui.adsabs.harvard.edu/abs/2005ApJ...633.1042L},
      adsnote = {Provided by the SAO/NASA Astrophysics Data System}
}

@ARTICLE{Couch2013,
       author = {{Couch}, Sean M.},
        title = "{The Dependence of the Neutrino Mechanism of Core-collapse Supernovae on the Equation of State}",
      journal = {The Astrophysical Journal},
     keywords = {hydrodynamics, methods: numerical, shock waves, stars: interiors, supernovae: general, Astrophysics - High Energy Astrophysical Phenomena},
         year = 2013,
        month = mar,
       volume = {765},
       number = {1},
          eid = {29},
        pages = {29},
	note = {\url{https://doi.org/10.1088/0004-637X/765/1/29}},
archivePrefix = {arXiv},
       eprint = {1206.4724},
 primaryClass = {astro-ph.HE},
       adsurl = {https://ui.adsabs.harvard.edu/abs/2013ApJ...765...29C},
      adsnote = {Provided by the SAO/NASA Astrophysics Data System}
}

@book{Toro2009,
  author    = {Toro, E. F.},
  title     = {Riemann Solvers and Numerical Methods for Fluid Dynamics. A Practical Introduction},
  publisher = {Berlin: Springer},
  year      = {2009},
  edition   = {3rd}
}

@inbook{ParaView,
  editor    = {Hansen, C. D. and Johnson, C. R. },
  author    = {Ahrens, J. and Geveci, B. and  Law, C.},
  title     = {Visualization Handbook},
  chapter   = {ParaView: An End-User Tool for Large-Data Visualization},
  publisher = {Burlington, MA: Elsevier Butterworthâ€“Heinemann},
  pages     = {717},
  year      = {2005}
}

@article{ParaView-InSitu,
  author = {Fabian, Nathan and Moreland, Kenneth and Thompson, David and Bauer, Andrew and Marion, Pat and Geveci, Berk and Rasquin, Michel and Jansen, Kenneth},
  year = {2011},
  month = {10},
  pages = {},
  title = {The ParaView Coprocessing Library: A scalable, general purpose in situ visualization library},
  journal = {1st IEEE Symposium on Large-Scale Data Analysis and Visualization 2011, LDAV 2011 - Proceedings},
	note = {\url{https://doi.org/10.1109/LDAV.2011.6092322}},
}

@article{Colella1984,
title = {The Piecewise Parabolic Method (PPM) for gas-dynamical simulations},
journal = {Journal of Computational Physics},
volume = {54},
number = {1},
pages = {174-201},
year = {1984},
issn = {0021-9991},
	note = {\url{https://doi.org/10.1016/0021-9991(84)90143-8}},
url = {https://www.sciencedirect.com/science/article/pii/0021999184901438},
author = {Phillip Colella and Paul R Woodward},
}

@article{Falle1991,
author = {Falle, S. A. E. G.},
title = {Self-similar jets},
journal = {Monthly Notices of the Royal Astronomical Society},
volume = {250},
number = {3},
pages = {581-596},
year = {1991},
	note = {\url{https://doi.org/10.1093/mnras/250.3.581}},
URL = { + http://dx.doi.org/10.1093/mnras/250.3.581},
eprint = {/oup/backfile/content_public/journal/mnras/250/3/10.1093/mnras/250.3.581/2/mnras250-0581.pdf}
}

@article{vanLeer2006,
author = {van Leer, B.},
title = {Upwind and high-resolution methods for compressible flow: From donor cell to residual-distribution schemes},
journal = {Communications in Computational Physics},
volume = {1},
pages = {192-206},
year = {2006},
	note = {\url{https://doi.org/10.2514/6.2003-3559}},
}

@ARTICLE{Fryxell2000,
       author = {{Fryxell}, B. and {Olson}, K. and {Ricker}, P. and {Timmes}, F.~X. and {Zingale}, M. and {Lamb}, D.~Q. and {MacNeice}, P. and {Rosner}, R. and {Truran}, J.~W. and {Tufo}, H.},
        title = "{FLASH: An Adaptive Mesh Hydrodynamics Code for Modeling Astrophysical Thermonuclear Flashes}",
      journal = {The Astrophysical Journal Supplement Series},
     keywords = {Equation of State, Hydrodynamics, Methods: Numerical, Nuclear Reactions, Nucleosynthesis, Abundances, Stars: General},
         year = 2000,
        month = nov,
       volume = {131},
       number = {1},
        pages = {273-334},
	note = {\url{https://doi.org/10.1086/317361}},
       adsurl = {https://ui.adsabs.harvard.edu/abs/2000ApJS..131..273F},
      adsnote = {Provided by the SAO/NASA Astrophysics Data System}
}

@ARTICLE{Teyssier2002,
       author = {{Teyssier}, R.},
        title = "{Cosmological hydrodynamics with adaptive mesh refinement. A new high resolution code called RAMSES}",
      journal = {\aap},
     keywords = {GRAVITATION, HYDRODYNAMICS, METHODS: NUMERICAL, COSMOLOGY: THEORY, COSMOLOGY: LARGE-SCALE STRUCTURE OF UNIVERSE, Astrophysics},
         year = 2002,
        month = apr,
       volume = {385},
        pages = {337-364},
	note = {\url{https://doi.org/10.1051/0004-6361:20011817}},
archivePrefix = {arXiv},
       eprint = {astro-ph/0111367},
 primaryClass = {astro-ph},
       adsurl = {https://ui.adsabs.harvard.edu/abs/2002A&A...385..337T},
      adsnote = {Provided by the SAO/NASA Astrophysics Data System}
}

@book{python3,
 author = {Van Rossum, Guido and Drake, Fred L.},
 title = {Python 3 Reference Manual},
 year = {2009},
 isbn = {1441412697},
 publisher = {CreateSpace},
 address = {Scotts Valley, CA}
}

@InProceedings{jupyter,
  abstract  = {It is increasingly necessary for researchers in all fields to write computer code, and in order to reproduce research results, it is important that this code is published. We present Jupyter notebooks, a document format for publishing code, results and explanations in a form that is both readable and executable. We discuss various tools and use cases for notebook documents.},
  author    = {Kluyver, Thomas and Ragan-Kelley, Benjamin and PÃ©rez, Fernando and Granger, Brian and Bussonnier, Matthias and Frederic, Jonathan and Kelley, Kyle and Hamrick, Jessica and Grout, Jason and Corlay, Sylvain and Ivanov, Paul and Avila, DamiÃ¡n and Abdalla, Safia and Willing, Carol and development team, Jupyter},
  editor    = {Loizides, Fernando and Scmidt, Birgit},
  location  = {Netherlands},
  publisher = {IOS Press},
  url       = {https://eprints.soton.ac.uk/403913/},
  booktitle = {Positioning and Power in Academic Publishing: Players, Agents and Agendas},
  date      = {2016},
  pages     = {87--90},
  title     = {Jupyter Notebooks - a publishing format for reproducible computational workflows},
}

@Article{matplotlib,
  abstract     = {Matplotlib is a 2D graphics package used for Python for application development, interactive scripting, and publication-quality image generation across user interfaces and operating systems.},
  author       = {Hunter, J. D.},
  publisher    = {IEEE COMPUTER SOC},
  date         = {2007},
	note = {\url{https://doi.org/10.1109/MCSE.2007.55}},
  journaltitle = {Computing in Science \& Engineering},
  number       = {3},
  pages        = {90--95},
  title        = {Matplotlib: A 2D graphics environment},
  volume       = {9},
}

@Article{numpy,
  author       = {Harris, Charles R. and Millman, K. Jarrod and van der Walt, StÃ©fan J. and Gommers, Ralf and Virtanen, Pauli and Cournapeau, David and Wieser, Eric and Taylor, Julian and Berg, Sebastian and Smith, Nathaniel J. and Kern, Robert and Picus, Matti and Hoyer, Stephan and van Kerkwijk, Marten H. and Brett, Matthew and Haldane, Allan and del RÃ­o, Jaime FernÃ¡ndez and Wiebe, Mark and Peterson, Pearu and GÃ©rard-Marchant, Pierre and Sheppard, Kevin and Reddy, Tyler and Weckesser, Warren and Abbasi, Hameer and Gohlke, Christoph and Oliphant, Travis E.},
  publisher    = {Springer Science and Business Media {LLC}},
  url          = {https://doi.org/10.1038/s41586-020-2649-2},
  date         = {2020-09},
	note = {\url{https://doi.org/10.1038/s41586-020-2649-2}},
  journaltitle = {Nature},
  number       = {7825},
  pages        = {357--362},
  title        = {Array programming with {NumPy}},
  volume       = {585},
}

@Software{pandas1,
  author    = {The pandas development team},
  title     = {pandas-dev/pandas: Pandas},
  month     = feb,
  year      = 2020,
  publisher = {Zenodo},
  version   = {latest},
	note = {\url{https://doi.org/10.5281/zenodo.3509134}},
  url       = {https://doi.org/10.5281/zenodo.3509134},
}

@InProceedings{pandas2,
  author    = {{W}es {M}c{K}inney},
  title     = {{D}ata {S}tructures for {S}tatistical {C}omputing in {P}ython},
  booktitle = {{P}roceedings of the 9th {P}ython in {S}cience {C}onference},
  pages     = {56 - 61},
  year      = {2010},
  editor    = {{S}t\'efan van der {W}alt and {J}arrod {M}illman},
	note = {\url{https://doi.org/10.25080/Majora-92bf1922-00a}},
}

@Article{scipy,
  author  = {Virtanen, Pauli and Gommers, Ralf and Oliphant, Travis E. and
            Haberland, Matt and Reddy, Tyler and Cournapeau, David and
            Burovski, Evgeni and Peterson, Pearu and Weckesser, Warren and
            Bright, Jonathan and {van der Walt}, St{\'e}fan J. and
            Brett, Matthew and Wilson, Joshua and Millman, K. Jarrod and
            Mayorov, Nikolay and Nelson, Andrew R. J. and Jones, Eric and
            Kern, Robert and Larson, Eric and Carey, C J and
            Polat, {\.I}lhan and Feng, Yu and Moore, Eric W. and
            {VanderPlas}, Jake and Laxalde, Denis and Perktold, Josef and
            Cimrman, Robert and Henriksen, Ian and Quintero, E. A. and
            Harris, Charles R. and Archibald, Anne M. and
            Ribeiro, Ant{\^o}nio H. and Pedregosa, Fabian and
            {van Mulbregt}, Paul and {SciPy 1.0 Contributors}},
  title   = {{{SciPy} 1.0: Fundamental Algorithms for Scientific
            Computing in Python}},
  journal = {Nature Methods},
  year    = {2020},
  volume  = {17},
  pages   = {261--272},
  adsurl  = {https://rdcu.be/b08Wh},
	note = {\url{https://doi.org/10.1038/s41592-019-0686-2}},
}

@Article{sklearn1,
  author       = {Pedregosa, F. and Varoquaux, G. and Gramfort, A. and Michel, V. and Thirion, B. and Grisel, O. and Blondel, M. and Prettenhofer, P. and Weiss, R. and Dubourg, V. and Vanderplas, J. and Passos, A. and Cournapeau, D. and Brucher, M. and Perrot, M. and Duchesnay, E.},
  date         = {2011},
  journaltitle = {Journal of Machine Learning Research},
  pages        = {2825--2830},
  title        = {Scikit-learn: Machine Learning in {P}ython},
  volume       = {12},
}

@InProceedings{sklearn2,
  author    = {Buitinck, Lars and Louppe, Gilles and Blondel, Mathieu and Pedregosa, Fabian and Mueller, Andreas and Grisel, Olivier and Niculae, Vlad and Prettenhofer, Peter and Gramfort, Alexandre and Grobler, Jaques and Layton, Robert and VanderPlas, Jake and Joly, Arnaud and Holt, Brian and Varoquaux, GaÃ«l},
  booktitle = {ECML PKDD Workshop: Languages for Data Mining and Machine Learning},
  date      = {2013},
  pages     = {108--122},
  title     = {{API} design for machine learning software: experiences from the scikit-learn project},
}