
@InProceedings{ antoine_dujardin-proc-scipy-2020,
  author    = { {A}ntoine {D}ujardin and {E}lliott {S}laugther and {J}effrey {D}onatelli and {P}eter {Z}wart and {A}medeo {P}erazzo and {C}hun {H}ong {Y}oon },
  title     = { {F}luctuation {X}-ray {S}cattering real-time app },
  booktitle = { {P}roceedings of the 19th {P}ython in {S}cience {C}onference },
  pages     = { 18 - 23 },
  year      = { 2020 },
  editor    = { {M}eghann {A}garwal and {C}hris {C}alloway and {D}illon {N}iederhut and {D}avid {S}hupe },
  doi       = { 10.25080/Majora-342d178e-003 }
}
