@article{Kam1977,
author = {Kam, Zvi},
doi = {10.1021/ma60059a009},
issn = {15205835},
journal = {Macromolecules},
number = {5},
pages = {927--934},
publisher = {ACS Publications},
title = {{Determination of Macromolecular Structure in Solution by Spatial Correlation of Scattering Fluctuations}},
volume = {10},
year = {1977}
}

@article{Kam1981,
author = {Kam, Z and Koch, M. H.J. and Bordas, J.},
doi = {10.1073/pnas.78.6.3559},
issn = {00278424},
journal = {Proceedings of the National Academy of Sciences of the United States of America},
number = {6 I},
pages = {3559--3562},
pmid = {6943555},
publisher = {National Acad Sciences},
title = {{Fluctuation x-ray scattering from biological particles in frozen solution by using synchrotron radiation}},
volume = {78},
year = {1981}
}

@incollection{Arfken1985,
author = {Arfken, G},
title = {Convolution Theorem},
chapter = {15.5},
booktitle = {Mathematical Methods for Physicists},
edition = {3},
publisher = {Academic Press},
address = {Orlando, FL},
pages = {810--814},
year = {1985}
}

@book{Oliphant2006,
title={A guide to NumPy},
author={Oliphant, Travis E},
volume={1},
year={2006},
publisher={Trelgol Publishing USA}
}

@inproceedings{McKinney2010,
author = {McKinney, Wes},
booktitle = {Proceedings of the 9th Python in Science Conference},
doi = {10.25080/Majora-92bf1922-00a},
pages = {56--61},
editor = {Stefan van der Walt and Jarrod Millman},
title = {{Data Structures for Statistical Computing in Python}},
year = {2010}
}

@article{Zhang2010,
author = {Zhang, Junjie and Baker, Matthew L. and Schr{\"{o}}der, Gunnar F. and Douglas, Nicholai R. and Reissmann, Stefanie and Jakana, Joanita and Dougherty, Matthew and Fu, Caroline J. and Levitt, Michael and Ludtke, Steven J. and Frydman, Judith and Chiu, Wah},
doi = {10.1038/nature08701},
issn = {00280836},
journal = {Nature},
number = {7279},
pages = {379--383},
publisher = {Nature Publishing Group},
title = {{Mechanism of folding chamber closure in a group II chaperonin}},
volume = {463},
year = {2010}
}

@article{vanderWalt2011,
  title={The NumPy Array: A Structure for Efficient Numerical Computation},
  author={van der Walt, St{\'e}fan and Colbert, Chris and Varoquaux, Ga{\"e}l},
  doi = {10.1109/MCSE.2011.37},
  journal={Computing in Science \& Engineering},
  volume={13},
  pages={22--30},
  year={2011}
}

@article{Mendez2014,
author = {Mendez, Derek and Lane, Thomas J. and Sung, Jongmin and Sellberg, Jonas and Levard, Cl{\'{e}}ment and Watkins, Herschel and Cohen, Aina E. and Soltis, Michael and Sutton, Shirley and Spudich, James and Pande, Vijay and Ratner, Daniel and Doniach, Sebastian},
doi = {10.1098/rstb.2013.0315},
issn = {0962-8436},
journal = {Philosophical Transactions of the Royal Society B: Biological Sciences},
number = {1647},
pages = {20130315},
publisher = {Royal Society},
title = {{Observation of correlated X-ray scattering at atomic resolution}},
volume = {369},
year = {2014}
}

@article{Donatelli2015,
author = {Donatelli, Jeffrey J and Zwart, Peter H and Sethian, James A},
doi = {10.1073/pnas.1513738112},
issn = {1091-6490},
journal = {Proceedings of the National Academy of Sciences of the United States of America},
number = {33},
pages = {10286--91},
pmid = {26240348},
publisher = {National Academy of Sciences},
title = {{Iterative phasing for fluctuation X-ray scattering.}},
volume = {112},
year = {2015}
}

@inproceedings{Lam2015,
author = {Lam, Siu Kwan and Pitrou, Antoine and Seibert, Stanley},
title = {Numba: A LLVM-Based Python JIT Compiler},
year = {2015},
isbn = {9781450340052},
publisher = {Association for Computing Machinery},
address = {New York, NY, USA},
doi = {10.1145/2833157.2833162},
booktitle = {Proceedings of the Second Workshop on the LLVM Compiler Infrastructure in HPC},
articleno = {7},
numpages = {6},
location = {Austin, Texas},
series = {LLVM â€™15}
}

@article{White2015,
author = {White, William E. and Robert, Aymeric and Dunne, Mike},
doi = {10.1107/S1600577515005196},
issn = {16005775},
journal = {Journal of Synchrotron Radiation},
pages = {472--476},
publisher = {International Union of Crystallography},
title = {{The linac coherent light source}},
volume = {22},
year = {2015}
}

@article{Mendez2016,
author = {Mendez, Derek and Watkins, Herschel and Qiao, Shenglan and Raines, Kevin S. and Lane, Thomas J. and Schenk, Gundolf and Nelson, Garrett and Subramanian, Ganesh and Tono, Kensuke and Joti, Yasumasa and Yabashi, Makina and Ratner, Daniel and Doniach, Sebastian},
doi = {10.1107/S2052252516013956},
issn = {20522525},
journal = {IUCrJ},
number = {6},
pages = {420--429},
publisher = {International Union of Crystallography},
title = {{Angular correlations of photons from solution diffraction at a free-electron laser encode molecular structure}},
volume = {3},
year = {2016}
}

@article{Kurta2017,
author = {Kurta, Ruslan P. and Donatelli, Jeffrey J. and Yoon, Chun Hong and Berntsen, Peter and Bielecki, Johan and Daurer, Benedikt J. and Demirci, Hasan and Fromme, Petra and Hantke, Max Felix and Maia, Filipe R.N.C. and Munke, Anna and Nettelblad, Carl and Pande, Kanupriya and Reddy, Hemanth K.N. and Sellberg, Jonas A. and Sierra, Raymond G. and Svenda, Martin and {Van Der Schot}, Gijs and Vartanyants, Ivan A. and Williams, Garth J. and Xavier, P. Lourdu and Aquila, Andrew and Zwart, Peter H. and Mancuso, Adrian P.},
doi = {10.1103/PhysRevLett.119.158102},
issn = {10797114},
journal = {Physical Review Letters},
number = {15},
pmid = {29077445},
title = {{Correlations in Scattered X-Ray Laser Pulses Reveal Nanoscale Structural Features of Viruses}},
volume = {119},
year = {2017}
}

@article{Pande2018,
author = {Pande, Kanupriya and Donatelli, Jeffrey J and Malmerberg, Erik and Foucar, Lutz and Bostedt, Christoph and Schlichting, Ilme and Zwart, Petrus H},
doi = {10.1073/pnas.1812064115},
issn = {1091-6490},
journal = {Proceedings of the National Academy of Sciences of the United States of America},
number = {46},
pages = {11772--11777},
pmid = {30373827},
publisher = {National Academy of Sciences},
title = {{Ab initio structure determination from experimental fluctuation X-ray scattering data.}},
volume = {115},
year = {2018}
}

@inproceedings{Slaughter2019,
author = {Slaughter, Elliott and Aiken, Alex},
booktitle = {Proceedings of PAW-ATM 2019: Parallel Applications Workshop, Alternatives to MPI+X, Held in conjunction with SC 2019: The International Conference for High Performance Computing, Networking, Storage and Analysis},
doi = {10.1109/PAW-ATM49560.2019.00011},
isbn = {9781728159799},
pages = {58--72},
publisher = {Institute of Electrical and Electronics Engineers (IEEE)},
title = {{Pygion: Flexible, Scalable Task-Based Parallelism with Python}},
year = {2019}
}
