
@InProceedings{ scott_sievert-proc-scipy-2019,
  author    = { {S}cott {S}ievert and {T}om {A}ugspurger and {M}atthew {R}ocklin },
  title     = { {B}etter and faster hyperparameter optimization with {D}ask },
  booktitle = { {P}roceedings of the 18th {P}ython in {S}cience {C}onference },
  pages     = { 118 - 125 },
  year      = { 2019 },
  editor    = { {C}hris {C}alloway and {D}avid {L}ippa and {D}illon {N}iederhut and {D}avid {S}hupe },
  doi       = { 10.25080/Majora-7ddc1dd1-011 }
}
