@techreport{cite_leenknecht,
  author       = {David A. Leenknecht and Andre Szuwalski and Ann R. Sherlock},
  title        = {Automated Coastal Engineering System - Technical Reference},
  year         = {1992},
  institution  = {Technical report},
  url          = {https://usace.contentdm.oclc.org/digital/collection/p266001coll1/id/2321/}
}

@misc{cite_panel,
  author       = {{Panel Contributors}},
  title        = {Panel: A High-Level App and Dashboarding Solution for Python},
  year         = {2019},
  howpublished = {\url{https://panel.holoviz.org/}}
}

@misc{cite_holoviz,
  author       = {{HoloViz Authors}},
  title        = {High-Level Tools to Simplify Visualization in Python},
  year         = {2017},
  howpublished = {\url{https://holoviz.org}}
}

@article{cite_ug,
  author       = {David A. Leenknecht and others},
  title        = {Automated Tools for Coastal Engineering},
  journal      = {Journal of Coastal Research},
  volume       = {11},
  number       = {4},
  year         = {1995},
  pages        = {1108--1124},
  publisher    = {Coastal Education \& Research Foundation, Inc.},
  url          = {https://usace.contentdm.oclc.org/digital/collection/p266001coll1/id/2321/}
}
