@article{dellicour2019using,
  title={Using phylogeographic approaches to analyse the dispersal history, velocity and direction of viral lineages—Application to rabies virus spread in Iran},
  author={Dellicour, Simon and Troupin, C{\'e}cile and Jahanbakhsh, Fatemeh and Salama, Akram and Massoudi, Siamak and Moghaddam, Madjid K and Baele, Guy and Lemey, Philippe and Gholami, Alireza and Bourhy, Herv{\'e}},
  journal={Molecular ecology},
  volume={28},
  number={18},
  pages={4335--4350},
  year={2019},
  publisher={Wiley Online Library},
	note = {\url{https://doi.org/10.1111/mec.15222}},
}

@article{vogels2023phylogeographic,
  title={Phylogeographic reconstruction of the emergence and spread of Powassan virus in the northeastern United States},
  author={Vogels, Chantal BF and Brackney, Doug E and Dupuis, Alan P and Robich, Rebecca M and Fauver, Joseph R and Brito, Anderson F and Williams, Scott C and Anderson, John F and Lubelczyk, Charles B and Lange, Rachel E and others},
  journal={Proceedings of the National Academy of Sciences},
  volume={120},
  number={16},
  pages={e2218012120},
  year={2023},
  publisher={National Acad Sciences},
	note = {\url{https://doi.org/10.1073/pnas.2218012120}},
}

@article{franzo2022phylodynamic,
  title={Phylodynamic and phylogeographic reconstruction of porcine reproductive and respiratory syndrome virus (PRRSV) in Europe: Patterns and determinants},
  author={Franzo, Giovanni and Faustini, Giulia and Legnardi, Matteo and Cecchinato, Mattia and Drigo, Michele and Tucciarone, Claudia Maria},
  journal={Transboundary and Emerging Diseases},
  volume={69},
  number={5},
  pages={e2175--e2184},
  year={2022},
  publisher={Wiley Online Library},
	note = {\url{https://doi.org/10.1111/tbed.14556}},
}

@article{munsey2021phylogeographic,
  title={Phylogeographic analysis of foot-and-mouth disease virus serotype O dispersal and associated drivers in East Africa},
  author={Munsey, Anna and Mwiine, Frank Norbert and Ochwo, Sylvester and Velazquez-Salinas, Lauro and Ahmed, Zaheer and Maree, Francois and Rodriguez, Luis L and Rieder, Elizabeth and Perez, Andres and Dellicour, Simon and others},
  journal={Molecular ecology},
  volume={30},
  number={15},
  pages={3815--3825},
  year={2021},
  publisher={Wiley Online Library},
	note = {\url{https://doi.org/10.1111/mec.15991}},
}

@article{holmes2004phylogeography,
  title={The phylogeography of human viruses},
  author={Holmes, Edward C},
  journal={Molecular ecology},
  volume={13},
  number={4},
  pages={745--756},
  year={2004},
  publisher={Wiley Online Library},
	note = {\url{https://doi.org/10.1046/j.1365-294X.2003.02051.x}},
}

@article{o2021tracking,
  title={Tracking the international spread of SARS-CoV-2 lineages B. 1.1. 7 and B. 1.351/501Y-V2 with grinch},
  author={O'Toole, {\'A}ine and Hill, Verity and Pybus, Oliver G and Watts, Alexander and Bogoch, Issac I and Khan, Kamran and Messina, Jane P and COVID, The and Network, Brazil-UK CADDE Genomic and Tegally, Houriiyah and others},
  journal={Wellcome Open Research},
  volume={6},
  year={2021},
  publisher={The Wellcome Trust},
	note = {\url{https://doi.org/10.12688/wellcomeopenres.16661.2}},
}

@article{brister2015ncbi,
  title={NCBI viral genomes resource},
  author={Brister, J Rodney and Ako-Adjei, Danso and Bao, Yiming and Blinkova, Olga},
  journal={Nucleic acids research},
  volume={43},
  number={D1},
  pages={D571--D577},
  year={2015},
  publisher={Oxford University Press},
	note = {\url{https://doi.org/10.1093/nar/gku1207}},
}

@article{khare2021gisaid,
  title={GISAID’s role in pandemic response},
  author={Khare, Shruti and Gurry, C{\'e}line and Freitas, Lucas and Schultz, Mark B and Bach, Gunter and Diallo, Amadou and Akite, Nancy and Ho, Joses and Lee, Raphael TC and Yeo, Winston and others},
  journal={China CDC weekly},
  volume={3},
  number={49},
  pages={1049},
  year={2021},
  publisher={Chinese Center for Disease Control and Prevention},
	note = {\url{https://doi.org/10.46234/ccdcw2021.255}},
}

@article{marzouk2021assessment,
  title={Assessment of global warming in Al Buraimi, sultanate of Oman based on statistical analysis of NASA POWER data over 39 years, and testing the reliability of NASA POWER against meteorological measurements},
  author={Marzouk, Osama A},
  journal={Heliyon},
  volume={7},
  number={3},
  pages={e06625},
  year={2021},
  publisher={Elsevier},
	note = {\url{https://doi.org/10.1016/j.heliyon.2021.e06625}},
}

@article{mathieu2021global,
  title={A global database of COVID-19 vaccinations},
  author={Mathieu, Edouard and Ritchie, Hannah and Ortiz-Ospina, Esteban and Roser, Max and Hasell, Joe and Appel, Cameron and Giattino, Charlie and Rod{\'e}s-Guirao, Lucas},
  journal={Nature human behaviour},
  volume={5},
  number={7},
  pages={947--953},
  year={2021},
  publisher={Nature Publishing Group UK London},
	note = {\url{https://doi.org/10.1038/s41562-021-01122-8}},
}

@inproceedings{angles2012comparison,
  title={A comparison of current graph database models},
  author={Angles, Renzo},
  booktitle={2012 IEEE 28th International Conference on Data Engineering Workshops},
  pages={171--177},
  year={2012},
  organization={IEEE},
	note = {\url{https://doi.org/10.1109/ICDEW.2012.31}},
}

@inproceedings{guia2017graph,
  title={Graph Databases: Neo4j Analysis.},
  author={Guia, Jos{\'e} and Soares, Val{\'e}ria Gon{\c{c}}alves and Bernardino, Jorge},
  booktitle={ICEIS (1)},
  pages={351--356},
  year={2017},
	note = {\url{https://doi.org/10.5220/0006356003510356}},
}

@article{uphyrkina2001phylogenetics,
  title={Phylogenetics, genome diversity and origin of modern leopard, Panthera pardus},
  author={Uphyrkina, Olga and Johnson, Warren E and Quigley, Howard and Miquelle, Dale and Marker, Laurie and Bush, Mitchel and O'Brien, Stephen J},
  journal={Molecular ecology},
  volume={10},
  number={11},
  pages={2617--2633},
  year={2001},
  publisher={Wiley Online Library},
	note = {\url{https://doi.org/10.1046/j.0962-1083.2001.01350.x}},
}

@article{luo2004phylogeography,
  title={Phylogeography and genetic ancestry of tigers (Panthera tigris)},
  author={Luo, Shu-Jin and Kim, Jae-Heup and Johnson, Warren E and Walt, Joelle van der and Martenson, Janice and Yuhki, Naoya and Miquelle, Dale G and Uphyrkina, Olga and Goodrich, John M and Quigley, Howard B and others},
  journal={PLoS biology},
  volume={2},
  number={12},
  pages={e442},
  year={2004},
  publisher={Public Library of Science San Francisco, USA},
	note = {\url{https://doi.org/10.1371/journal.pbio.0020442}},
}

@article{taylor2020intercontinental,
  title={The Intercontinental phylogeography of neustonic daphniids},
  author={Taylor, Derek J and Connelly, Sandra J and Kotov, Alexey A},
  journal={Scientific Reports},
  volume={10},
  number={1},
  pages={1818},
  year={2020},
  publisher={Nature Publishing Group UK London},
	note = {\url{https://doi.org/10.1038/s41598-020-58743-8}},
}

@article{aziz2022phylogeography,
  title={Phylogeography of Panthera tigris in the mangrove forest of the Sundarbans},
  author={Aziz, M Abdul and Smith, Olutolani and Jackson, Hazel A and Tollington, Simon and Darlow, Sean and Barlow, Adam and Islam, M Anwarul and Groombridge, Jim},
  journal={Endangered Species Research},
  volume={48},
  pages={87--97},
  year={2022},
	note = {\url{https://doi.org/10.3354/esr01188}},
}

@article{koshkarov2022phylogeography,
  title={Phylogeography: Analysis of genetic and climatic data of SARS-CoV-2},
  author={Koshkarov, Aleksandr and Li, Wanlin and Luu, My-Linh and Tahiri, Nadia},
  year={2022},
	note = {\url{https://doi.org/10.25080/majora-212e5952-018}},
}

@article{robinson1981comparison,
  title={Comparison of phylogenetic trees},
  author={Robinson, David F and Foulds, Leslie R},
  journal={Mathematical biosciences},
  volume={53},
  number={1-2},
  pages={131--147},
  year={1981},
  publisher={Elsevier},
	note = {\url{https://doi.org/10.1016/0025-5564(81)90043-2}},
}

@article{koster2012snakemake,
  title={Snakemake—a scalable bioinformatics workflow engine},
  author={K{\"o}ster, Johannes and Rahmann, Sven},
  journal={Bioinformatics},
  volume={28},
  number={19},
  pages={2520--2522},
  year={2012},
  publisher={Oxford University Press},
	note = {\url{https://doi.org/10.1093/bioinformatics/bty350}},
}

@article{jalili2020galaxy,
  title={The Galaxy platform for accessible, reproducible and collaborative biomedical analyses: 2020 update},
  author={Jalili, Vahid and Afgan, Enis and Gu, Qiang and Clements, Dave and Blankenberg, Daniel and Goecks, Jeremy and Taylor, James and Nekrutenko, Anton},
  journal={Nucleic acids research},
  volume={48},
  number={W1},
  pages={W395--W402},
  year={2020},
  publisher={Oxford University Press},
	note = {\url{https://doi.org/10.1093/nar/gkaa434}},
}

@article{spivsakova2023nextflow,
  title={Nextflow in bioinformatics: Executors performance comparison using genomics data},
  author={Spi{\v{s}}akov{\'a}, Vikt{\'o}ria and Hejtm{\'a}nek, Luk{\'a}{\v{s}} and Hyn{\v{s}}t, Jakub},
  journal={Future Generation Computer Systems},
  year={2023},
  publisher={Elsevier},
	note = {\url{https://doi.org/10.1016/j.future.2023.01.009}},
}

@article{wratten2021reproducible,
  title={Reproducible, scalable, and shareable analysis pipelines with bioinformatics workflow managers},
  author={Wratten, Laura and Wilm, Andreas and G{\"o}ke, Jonathan},
  journal={Nature methods},
  volume={18},
  number={10},
  pages={1161--1168},
  year={2021},
  publisher={Nature Publishing Group US New York},
	note = {\url{https://doi.org/10.1038/s41592-021-01254-9}},
}

@article{cock2009biopython,
  title={Biopython: freely available Python tools for computational molecular biology and bioinformatics},
  author={Cock, Peter JA and Antao, Tiago and Chang, Jeffrey T and Chapman, Brad A and Cox, Cymon J and Dalke, Andrew and Friedberg, Iddo and Hamelryck, Thomas and Kauff, Frank and Wilczynski, Bartek and others},
  journal={Bioinformatics},
  volume={25},
  number={11},
  pages={1422--1423},
  year={2009},
  publisher={Oxford University Press},
	note = {\url{https://doi.org/10.1093/bioinformatics/btp163}},
}

@article{lemenkova2019processing,
  title={Processing oceanographic data by Python libraries NumPy, SciPy and Pandas},
  author={Lemenkova, Polina},
  journal={Aquatic Research},
  volume={2},
  number={2},
  pages={73--91},
  year={2019},
	note = {\url{https://doi.org/10.3153/AR19009}},
}

@inproceedings{vicknair2010comparison,
  title={A comparison of a graph database and a relational database: a data provenance perspective},
  author={Vicknair, Chad and Macias, Michael and Zhao, Zhendong and Nan, Xiaofei and Chen, Yixin and Wilkins, Dawn},
  booktitle={Proceedings of the 48th annual Southeast regional conference},
  pages={1--6},
  year={2010},
	note = {\url{https://doi.org/10.1145/1900008.1900067}},
}

@article{timon2021overview,
  title={An overview of graph databases and their applications in the biomedical domain},
  author={Tim{\'o}n-Reina, Santiago and Rinc{\'o}n, Mariano and Mart{\'\i}nez-Tom{\'a}s, Rafael},
  journal={Database},
  volume={2021},
  year={2021},
  publisher={Oxford Academic},
	note = {\url{https://doi.org/10.1093/database/baab026}},
}

@article{jordan2014neo4j,
  title={Neo4j+ Python},
  author={Jordan, Gregory and Jordan, Gregory},
  journal={Practical Neo4j},
  pages={169--213},
  year={2014},
  publisher={Springer},
	note = {\url{https://doi.org/10.1007/978-1-4842-0022-3_9}},
}

@article{katoh2013mafft,
  title={MAFFT multiple sequence alignment software version 7: improvements in performance and usability},
  author={Katoh, Kazutaka and Standley, Daron M},
  journal={Molecular biology and evolution},
  volume={30},
  number={4},
  pages={772--780},
  year={2013},
  publisher={Society for Molecular Biology and Evolution},
	note = {\url{https://doi.org/10.1093/molbev/mst010}},
}

@article{edgar2006multiple,
  title={Multiple sequence alignment},
  author={Edgar, Robert C and Batzoglou, Serafim},
  journal={Current opinion in structural biology},
  volume={16},
  number={3},
  pages={368--373},
  year={2006},
  publisher={Elsevier},
	note = {\url{https://doi.org/10.1016/j.sbi.2006.04.004}},
}

@article{mihaescu2009neighbor,
  title={Why neighbor-joining works},
  author={Mihaescu, Radu and Levy, Dan and Pachter, Lior},
  journal={Algorithmica},
  volume={54},
  pages={1--24},
  year={2009},
  publisher={Springer},
	note = {\url{https://doi.org/10.1007/s00453-007-9116-4}},
}

@article{saitou1987neighbor,
  title={The neighbor-joining method: a new method for reconstructing phylogenetic trees.},
  author={Saitou, Naruya and Nei, Masatoshi},
  journal={Molecular biology and evolution},
  volume={4},
  number={4},
  pages={406--425},
  year={1987},
	note = {\url{https://doi.org/10.1093/oxfordjournals.molbev.a040454}},
}

@article{kozlov2019raxml,
  title={RAxML-NG: a fast, scalable and user-friendly tool for maximum likelihood phylogenetic inference},
  author={Kozlov, Alexey M and Darriba, Diego and Flouri, Tom{\'a}{\v{s}} and Morel, Benoit and Stamatakis, Alexandros},
  journal={Bioinformatics},
  volume={35},
  number={21},
  pages={4453--4455},
  year={2019},
  publisher={Oxford University Press},
	note = {\url{https://doi.org/10.1093/bioinformatics/btz305}},
}

@article{price2009fasttree,
  title={FastTree: computing large minimum evolution trees with profiles instead of a distance matrix},
  author={Price, Morgan N and Dehal, Paramvir S and Arkin, Adam P},
  journal={Molecular biology and evolution},
  volume={26},
  number={7},
  pages={1641--1650},
  year={2009},
  publisher={Oxford University Press},
	note = {\url{https://doi.org/10.1093/molbev/msp077}},
}

@incollection{liermann2021dynamic,
  title={Dynamic Dashboards},
  author={Liermann, Volker and Li, Sangmeng},
  booktitle={The Digital Journey of Banking and Insurance, Volume II: Digitalization and Machine Learning},
  pages={155--180},
  year={2021},
  publisher={Springer},
	note = {\url{https://doi.org/10.1007/978-3-030-78829-2_9}},
}


@article{khan2021structures,
  title={Structures of SARS-CoV-2 RNA-binding proteins and therapeutic targets},
  author={Khan, Muhammad Tahir and Irfan, Muhammad and Ahsan, Hina and Ahmed, Abrar and Kaushik, Aman Chandra and Khan, Anwar Sheed and Chinnasamy, Sathishkumar and Ali, Arif and Wei, Dong-Qing},
  journal={Intervirology},
  volume={64},
  number={2},
  pages={55--68},
  year={2021},
  publisher={Karger Publishers},
	note = {\url{https://doi.org/10.1159/000513686}},
}

@article{ni2023structural,
  title={Structural insights into ribonucleoprotein dissociation by nucleocapsid protein interacting with non-structural protein 3 in SARS-CoV-2},
  author={Ni, Xincheng and Han, Yinze and Zhou, Renjie and Zhou, Yanmei and Lei, Jian},
  journal={Communications Biology},
  volume={6},
  number={1},
  pages={193},
  year={2023},
  publisher={Nature Publishing Group UK London},
	note = {\url{https://doi.org/10.1038/s42003-023-04570-2}},
}

@article{waterhouse2018swiss,
  title={SWISS-MODEL: homology modelling of protein structures and complexes},
  author={Waterhouse, Andrew and Bertoni, Martino and Bienert, Stefan and Studer, Gabriel and Tauriello, Gerardo and Gumienny, Rafal and Heer, Florian T and de Beer, Tjaart A P and Rempfer, Christine and Bordoli, Lorenza and others},
  journal={Nucleic acids research},
  volume={46},
  number={W1},
  pages={W296--W303},
  year={2018},
  publisher={Oxford University Press},
	note = {\url{https://doi.org/10.1093/nar/gky427}},
}

@article{boc2012t,
  title={T-REX: a web server for inferring, validating and visualizing phylogenetic trees and networks},
  author={Boc, Alix and Diallo, Alpha Boubacar and Makarenkov, Vladimir},
  journal={Nucleic acids research},
  volume={40},
  number={W1},
  pages={W573--W579},
  year={2012},
  publisher={Oxford University Press},
	note = {\url{https://doi.org/10.1093/nar/gks485}},
}

@article{denamur2000evolutionary,
  title={Evolutionary implications of the frequent horizontal transfer of mismatch repair genes},
  author={Denamur, Erick and Lecointre, Guillaume and Darlu, Pierre and Tenaillon, Olivier and Acquaviva, C{\'e}cile and Sayada, Chalom and Sunjevaric, Ivana and Rothstein, Rodney and Elion, Jacques and Taddei, Fran{\c{c}}ois and others},
  journal={Cell},
  volume={103},
  number={5},
  pages={711--721},
  year={2000},
  publisher={Elsevier},
	note = {\url{https://doi.org/10.1016/S0092-8674(00)00175-6}},
}

@article{makarenkov2021horizontal,
  title={Horizontal gene transfer and recombination analysis of SARS-CoV-2 genes helps discover its close relatives and shed light on its origin},
  author={Makarenkov, Vladimir and Mazoure, Bogdan and Rabusseau, Guillaume and Legendre, Pierre},
  journal={BMC ecology and evolution},
  volume={21},
  pages={1--18},
  year={2021},
  publisher={Springer},
	note = {\url{https://doi.org/10.1186/s12862-020-01732-2}},
}

@article{boc2011towards,
  title={Towards an accurate identification of mosaic genes and partial horizontal gene transfers},
  author={Boc, Alix and Makarenkov, Vladimir},
  journal={Nucleic acids research},
  volume={39},
  number={21},
  pages={e144--e144},
  year={2011},
  publisher={Oxford University Press},
	note = {\url{https://doi.org/10.1093/nar/gkr735}},
}

@article{van2011numpy,
  title={The NumPy array: a structure for efficient numerical computation},
  author={Van Der Walt, Stefan and Colbert, S Chris and Varoquaux, Gael},
  journal={Computing in science \& engineering},
  volume={13},
  number={2},
  pages={22--30},
  year={2011},
  publisher={IEEE},
	note = {\url{https://doi.org/10.1109/MCSE.2011.37}},
}

@article{bernard2016python,
  title={Python data analysis with pandas},
  author={Bernard, Joey and Bernard, Joey},
  journal={Python Recipes Handbook: A Problem-Solution Approach},
  pages={37--48},
  year={2016},
  publisher={Springer},
	note = {\url{https://doi.org/10.1007/978-1-4842-0241-8_5}},
}

@article{mcgaughran2022comparative,
  title={Comparative phylogeography in the genomic age: Opportunities and challenges},
  author={McGaughran, Angela and Liggins, Libby and Marske, Katharine A and Dawson, Michael N and Schiebelhut, Lauren M and Lavery, Shane D and Knowles, L Lacey and Moritz, Craig and Riginos, Cynthia},
  journal={Journal of Biogeography},
  volume={49},
  number={12},
  pages={2130--2144},
  year={2022},
  publisher={Wiley Online Library},
	note = {\url{https://doi.org/10.1111/jbi.14481}},
}

@article{mccormack2013applications,
  title={Applications of next-generation sequencing to phylogeography and phylogenetics},
  author={McCormack, John E and Hird, Sarah M and Zellmer, Amanda J and Carstens, Bryan C and Brumfield, Robb T},
  journal={Molecular phylogenetics and evolution},
  volume={66},
  number={2},
  pages={526--538},
  year={2013},
  publisher={Elsevier},
	note = {\url{https://doi.org/10.1016/j.ympev.2011.12.007}},
}

@article{hatcher2017virus,
  title={Virus Variation Resource--improved response to emergent viral outbreaks},
  author={Hatcher, Eneida L and Zhdanov, Sergey A and Bao, Yiming and Blinkova, Olga and Nawrocki, Eric P and Ostapchuck, Yuri and Sch{\"a}ffer, Alejandro A and Brister, J Rodney},
  journal={Nucleic acids research},
  volume={45},
  number={D1},
  pages={D482--D490},
  year={2017},
  publisher={Oxford University Press},
	note = {\url{https://doi.org/10.1093/nar/gkw1065}},
}

@inproceedings{hossain2019visualization,
  title={Visualization of bioinformatics data with dash bio},
  author={Hossain, Shammamah and Calloway, C and Lippa, D and Niederhut, D and Shupe, D},
  booktitle={Proceedings of the 18th Python in Science Conference},
  volume={126},
  pages={133},
  year={2019},
  organization={SciPy, Austin, Texas, pp. 126--133},
	note = {\url{https://doi.org/10.25080/Majora-7ddc1dd1-012}},
}

@inproceedings{ mckinney2010,
  author    = { McKinney, Wes },
  title     = { {D}ata {S}tructures for {S}tatistical {C}omputing in {P}ython },
  booktitle = { {P}roceedings of the 9th {P}ython in {S}cience {C}onference },
  pages     = { 56 - 61 },
  year      = { 2010 },
  editor    = { {S}t\'efan van der {W}alt and {J}arrod {M}illman },
	note = {\url{https://doi.org/10.25080/Majora-92bf1922-00a}},
}

@article{laddada2022analyzing,
  title={Analyzing SARS-CoV-2 Sequence Patterns by Semantic Trajectories.},
  author={Laddada, Wissame and Zanni-Merk, Cecilia and Soualmia, Lina F},
  journal={Stud Health Technol Inform},
  pages={197--200},
  year={2022},
	note = {\url{https://doi.org/10.3233/SHTI220696}},
}
