
@InProceedings{ scott_sievert-proc-scipy-2021,
  author    = { {J}oesph {H}olt and {S}cott {S}ievert },
  title     = { {T}raining machine learning models faster with {D}ask },
  booktitle = { {P}roceedings of the 20th {P}ython in {S}cience {C}onference },
  pages     = { 132 - 139 },
  year      = { 2021 },
  editor    = { {M}eghann {A}garwal and {C}hris {C}alloway and {D}illon {N}iederhut and {D}avid {S}hupe },
  doi       = { 10.25080/majora-1b6fd038-011 }
}
