
@InProceedings{ dillon_niederhut-proc-scipy-2017,
  author    = { {D}illon {N}iederhut },
  title     = { {S}oftware {T}ransactional {M}emory in {P}ure {P}ython },
  booktitle = { {P}roceedings of the 16th {P}ython in {S}cience {C}onference },
  pages     = { 9 - 11 },
  year      = { 2017 },
  editor    = { {K}aty {H}uff and {D}avid {L}ippa and {D}illon {N}iederhut and {M} {P}acer },
  doi       = { 10.25080/shinma-7f4c6e7-002 }
}
