
@InProceedings{ jean-luc_stevens-proc-scipy-2015,
  author    = { {J}ean-{L}uc {R}. {S}tevens and {P}hilipp {R}udiger and {J}ames {A}. {B}ednar },
  title     = { {H}olo{V}iews: {B}uilding {C}omplex {V}isualizations {E}asily for {R}eproducible {S}cience },
  booktitle = { {P}roceedings of the 14th {P}ython in {S}cience {C}onference },
  pages     = { 59 - 66 },
  year      = { 2015 },
  editor    = { {K}athryn {H}uff and {J}ames {B}ergstra },
  doi       = { 10.25080/Majora-7b98e3ed-00a }
}
