@book{gelman2013bayesian,
  title={Bayesian Data Analysis, Third Edition},
  author={Gelman, A. and Carlin, J.B. and Stern, H.S. and Dunson, D.B. and Vehtari, A. and Rubin, D.B.},
  isbn={9781439840955},
  lccn={2013039507},
  series={Chapman \& Hall/CRC Texts in Statistical Science},
  url={https://books.google.com/books?id=ZXL6AQAAQBAJ},
  year={2013},
  publisher={Taylor \& Francis}
}

@book{press2007numerical,
  title={Numerical Recipes 3rd Edition: The Art of Scientific Computing},
  author={Press, W.H. and Teukolsky, S.A.},
  isbn={9780521880688},
  lccn={2007062003},
  series={Numerical Recipes: The Art of Scientific Computing},
  url={https://books.google.com/books?id=1aAOdzK3FegC},
  year={2007},
  publisher={Cambridge University Press}
}

@article{oehlert1992delta,
author = {Gary W. Oehlert},
title = {A Note on the Delta Method},
journal = {The American Statistician},
volume = {46},
number = {1},
pages = {27-29},
year  = {1992},
publisher = {Taylor & Francis},
note = {\url{https://doi.org/10.1080/00031305.1992.10475842}},
URL = {https://www.tandfonline.com/doi/abs/10.1080/00031305.1992.10475842},
eprint = {https://www.tandfonline.com/doi/pdf/10.1080/00031305.1992.10475842}
}

@misc{baydin2018automatic,
      title={Automatic differentiation in machine learning: a survey},
      author={Atilim Gunes Baydin and Barak A. Pearlmutter and Alexey Andreyevich Radul and Jeffrey Mark Siskind},
      year={2018},
      eprint={1502.05767},
      archivePrefix={arXiv},
      primaryClass={cs.SC}
}

@Article{numpy,
  author       = {Harris, Charles R. and Millman, K. Jarrod and van der Walt, Stéfan J. and Gommers, Ralf and Virtanen, Pauli and Cournapeau, David and Wieser, Eric and Taylor, Julian and Berg, Sebastian and Smith, Nathaniel J. and Kern, Robert and Picus, Matti and Hoyer, Stephan and van Kerkwijk, Marten H. and Brett, Matthew and Haldane, Allan and del Río, Jaime Fernández and Wiebe, Mark and Peterson, Pearu and Gérard-Marchant, Pierre and Sheppard, Kevin and Reddy, Tyler and Weckesser, Warren and Abbasi, Hameer and Gohlke, Christoph and Oliphant, Travis E.},
  publisher    = {Springer Science and Business Media {LLC}},
  url          = {https://doi.org/10.1038/s41586-020-2649-2},
  date         = {2020-09},
	note = {\url{https://doi.org/10.1038/s41586-020-2649-2}},
  journaltitle = {Nature},
  number       = {7825},
  pages        = {357--362},
  title        = {Array programming with {NumPy}},
  volume       = {585},
}

@Article{scipy,
  author  = {Virtanen, Pauli and Gommers, Ralf and Oliphant, Travis E. and
            Haberland, Matt and Reddy, Tyler and Cournapeau, David and
            Burovski, Evgeni and Peterson, Pearu and Weckesser, Warren and
            Bright, Jonathan and {van der Walt}, St{\'e}fan J. and
            Brett, Matthew and Wilson, Joshua and Millman, K. Jarrod and
            Mayorov, Nikolay and Nelson, Andrew R. J. and Jones, Eric and
            Kern, Robert and Larson, Eric and Carey, C J and
            Polat, {\.I}lhan and Feng, Yu and Moore, Eric W. and
            {VanderPlas}, Jake and Laxalde, Denis and Perktold, Josef and
            Cimrman, Robert and Henriksen, Ian and Quintero, E. A. and
            Harris, Charles R. and Archibald, Anne M. and
            Ribeiro, Ant{\^o}nio H. and Pedregosa, Fabian and
            {van Mulbregt}, Paul and {SciPy 1.0 Contributors}},
  title   = {{{SciPy} 1.0: Fundamental Algorithms for Scientific
            Computing in Python}},
  journal = {Nature Methods},
  year    = {2020},
  volume  = {17},
  pages   = {261--272},
  adsurl  = {https://rdcu.be/b08Wh},
	note = {\url{https://doi.org/10.1038/s41592-019-0686-2}},
}

@article{bonferroni1936teoria,
  title={Teoria statistica delle classi e calcolo delle probabilita},
  author={Bonferroni, Carlo},
  journal={Pubblicazioni del R Istituto Superiore di Scienze Economiche e Commericiali di Firenze},
  volume={8},
  pages={3--62},
  year={1936}
}

@misc{tensorflow2015-whitepaper,
title={ {TensorFlow}: Large-Scale Machine Learning on Heterogeneous Systems},
url={https://www.tensorflow.org/},
note={Software available from tensorflow.org},
author={
    Mart\'{i}n~Abadi and
    Ashish~Agarwal and
    Paul~Barham and
    Eugene~Brevdo and
    Zhifeng~Chen and
    Craig~Citro and
    Greg~S.~Corrado and
    Andy~Davis and
    Jeffrey~Dean and
    Matthieu~Devin and
    Sanjay~Ghemawat and
    Ian~Goodfellow and
    Andrew~Harp and
    Geoffrey~Irving and
    Michael~Isard and
    Yangqing Jia and
    Rafal~Jozefowicz and
    Lukasz~Kaiser and
    Manjunath~Kudlur and
    Josh~Levenberg and
    Dandelion~Man\'{e} and
    Rajat~Monga and
    Sherry~Moore and
    Derek~Murray and
    Chris~Olah and
    Mike~Schuster and
    Jonathon~Shlens and
    Benoit~Steiner and
    Ilya~Sutskever and
    Kunal~Talwar and
    Paul~Tucker and
    Vincent~Vanhoucke and
    Vijay~Vasudevan and
    Fernanda~Vi\'{e}gas and
    Oriol~Vinyals and
    Pete~Warden and
    Martin~Wattenberg and
    Martin~Wicke and
    Yuan~Yu and
    Xiaoqiang~Zheng},
  year={2015},
}

@Book{Flet87,
  Title                    = {Practical Methods of Optimization},
  Author                   = {Roger Fletcher},
  Publisher                = {John Wiley \& Sons},
  Year                     = {1987},

  Address                  = {New York, NY, USA},
  Edition                  = {Second},
	note = {\url{https://doi.org/10.1002/9781118723203}},
}


@misc{hoffman2011nouturn,
      title={The No-U-Turn Sampler: Adaptively Setting Path Lengths in Hamiltonian Monte Carlo},
      author={Matthew D. Hoffman and Andrew Gelman},
      year={2011},
      eprint={1111.4246},
      archivePrefix={arXiv},
      primaryClass={stat.CO}
}

@article{STEP1974,
  added-at = {2009-05-09T18:54:01.000+0200},
  author = {Stephens, M. A.},
  biburl = {https://www.bibsonomy.org/bibtex/26f1f5e623e3d2216b41396547bd4f27e/maverick},
  description = {test normality},
	note = {\url{https://doi.org/10.2307/2286009}},
  interhash = {f40cb8e94f428bcf6cc62b6556d12208},
  intrahash = {6f1f5e623e3d2216b41396547bd4f27e},
  journal = {Journal of the American Statistical Association},
  keywords = {gof},
  month = {Sep. },
  number = 347,
  pages = {730--737},
  timestamp = {2009-05-09T18:56:30.000+0200},
  title = {EDF Statistics for Goodness of Fit and Some Comparisons},
  volume = 69,
  year = 1974
}

@inproceedings{seabold2010statsmodels,
  title={statsmodels: Econometric and statistical modeling with python},
  author={Seabold, Skipper and Perktold, Josef},
  booktitle={9th Python in Science Conference},
  year={2010},
	note = {\url{https://doi.org/10.25080/majora-92bf1922-011}},
}
