@book{modersitzki2003numerical,
  title={Numerical methods for image registration},
  author={Modersitzki, Jan},
  year={2003},
  publisher={OUP Oxford},
  doi={}
}

@article{pluim2003mutual,
  title={Mutual-information-based registration of medical images: a survey},
  author={Pluim, Josien PW and Maintz, JB Antoine and Viergever, Max A},
  journal={IEEE transactions on medical imaging},
  volume={22},
  number={8},
  pages={986--1004},
  year={2003},
  publisher={IEEE},
	note = {\url{https://doi.org/10.1109/JPROC.2003.817864}},
}

@article{maintz1998survey,
  title={A survey of medical image registration},
  author={Maintz, JB Antoine and Viergever, Max A},
  journal={Medical image analysis},
  volume={2},
  number={1},
  pages={1--36},
  year={1998},
  publisher={Elsevier},
	note = {\url{https://doi.org/10.1016/S1361-8415(01)80026-8}},
}

@article{oliveira2014medical,
  title={Medical image registration: a review},
  author={Oliveira, Francisco PM and Tavares, Joao Manuel RS},
  journal={Computer methods in biomechanics and biomedical engineering},
  volume={17},
  number={2},
  pages={73--93},
  year={2014},
  publisher={Taylor \& Francis},
	note = {\url{https://doi.org/10.1080/10255842.2012.670855}},
}


@article{klein2009elastix,
  title={Elastix: a toolbox for intensity-based medical image registration},
  author={Klein, Stefan and Staring, Marius and Murphy, Keelin and Viergever, Max A and Pluim, Josien PW},
  journal={IEEE transactions on medical imaging},
  volume={29},
  number={1},
  pages={196--205},
  year={2009},
  publisher={IEEE},
	note = {\url{https://doi.org/10.1109/TMI.2009.2035616}},
}

@article{shamonin2014fast,
  title={Fast parallel image registration on {CPU} and {GPU} for diagnostic classification of {A}lzheimer's disease},
  author={Shamonin, Denis P and Bron, Esther E and Lelieveldt, Boudewijn PF and Smits, Marion and Klein, Stefan and Staring, Marius and Alzheimer's Disease Neuroimaging Initiative},
  journal={Frontiers in neuroinformatics},
  volume={7},
  pages={50},
  year={2014},
  publisher={Frontiers Media SA},
	note = {\url{https://doi.org/10.3389/fninf.2013.00050}},
}

@article{metz2011nonrigid,
  title={Nonrigid registration of dynamic medical imaging data using n{D}+ t {B}-splines and a groupwise optimization approach},
  author={Metz, Coert T and Klein, Stefan and Schaap, Michiel and van Walsum, Theo and Niessen, Wiro J},
  journal={Medical image analysis},
  volume={15},
  number={2},
  pages={238--249},
  year={2011},
  publisher={Elsevier},
	note = {\url{https://doi.org/10.1016/j.media.2010.10.003}},
}

@article{huizinga2016pca,
  title={{PCA}-based groupwise image registration for quantitative {MRI}},
  author={Huizinga, Wyke and Poot, Dirk HJ and Guyader, J-M and Klaassen, Remy and Coolen, Bram F and van Kranenburg, Matthijs and Van Geuns, RJM and Uitterdijk, Andr{\'e} and Polfliet, Mathias and Vandemeulebroucke, Jef and others},
  journal={Medical image analysis},
  volume={29},
  pages={65--78},
  year={2016},
  publisher={Elsevier},
	note = {\url{https://doi.org/10.1016/j.media.2015.12.004}},
}

@article{mccormick2014itk,
  title={{ITK}: enabling reproducible research and open science},
  author={McCormick, Matthew and Liu, Xiaoxiao and Jomier, Julien and Marion, Charles and Ibanez, Luis},
  journal={Frontiers in neuroinformatics},
  volume={8},
  pages={13},
  year={2014},
  publisher={Frontiers Media SA},
	note = {\url{https://doi.org/10.3389/fninf.2014.00013}},
}

@inproceedings{marstal2016simpleelastix,
  title={Simple{E}lastix: A user-friendly, multi-lingual library for medical image registration},
  author={Marstal, Kasper and Berendsen, Floris and Staring, Marius and Klein, Stefan},
  booktitle={2016 IEEE Conference on Computer Vision and Pattern Recognition Workshops (CVPRW)},
  pages={574-582},
  year={2016},
	note = {\url{https://doi.org/10.1109/CVPRW.2016.78}},
}

@article{lowekamp2013design,
  title={The design of {SimpleITK}},
  author={Lowekamp, Bradley C and Chen, David T and Ib{\'a}{\~n}ez, Luis and Blezek, Daniel},
  journal={Frontiers in neuroinformatics},
  volume={7},
  pages={45},
  year={2013},
  publisher={Frontiers Media SA},
	note = {\url{https://doi.org/10.3389/fninf.2013.00045}},
}

@article{cardoso2022monai,
  title={{MONAI}: An open-source framework for deep learning in healthcare},
  author={Cardoso, M Jorge and Li, Wenqi and Brown, Richard and Ma, Nic and Kerfoot, Eric and Wang, Yiheng and Murrey, Benjamin and Myronenko, Andriy and Zhao, Can and Yang, Dong and others},
  journal={arXiv preprint arXiv:2211.02701},
  year={2022},
	note = {\url{https://doi.org/10.48550/arXiv.2211.02701}},
}

@article{diaz2022monai,
  title={{MONAI} {L}abel: A framework for {AI}-assisted interactive labeling of 3{D} medical images},
  author={Diaz-Pinto, Andres and Alle, Sachidanand and Ihsani, Alvin and Asad, Muhammad and Nath, Vishwesh and P{\'e}rez-Garc{\'\i}a, Fernando and Mehta, Pritesh and Li, Wenqi and Roth, Holger R and Vercauteren, Tom and others},
  journal={arXiv preprint arXiv:2203.12362},
  year={2022},
	note = {\url{https://doi.org/10.48550/arXiv.2203.12362}},
}

@software{napari,
    author = {{napari contributors}},
    title = {napari: a multi-dimensional image viewer for Python},
    year = {2019},
    url = {https://napari.org/stable/},
	note = {\url{https://doi.org/10.5281/zenodo.3555620}},
}

@software{swig,
    author = {{The SWIG development team}},
    title = {Simplified Wrapper and Interface Generator},
    year = {},
    url = {https://www.swig.org/},
    doi={}
}

@inproceedings{avants2012unified,
  title={A unified image registration framework for ITK},
  author={Avants, Brian B and Tustison, Nicholas J and Song, Gang and Wu, Baohua and Stauffer, Michael and McCormick, Matthew M and Johnson, Hans J and Gee, James C},
  booktitle={International Workshop on Biomedical Image Registration},
  pages={266--275},
  year={2012},
  organization={Springer},
	note = {\url{https://doi.org/10.3389/fninf.2014.00044}},
}

@article{fedorov20123d,
  title={3{D} {S}licer as an image computing platform for the {Q}uantitative {I}maging {N}etwork},
  author={Fedorov, Andriy and Beichel, Reinhard and Kalpathy-Cramer, Jayashree and Finet, Julien and Fillion-Robin, Jean-Christophe and Pujol, Sonia and Bauer, Christian and Jennings, Dominique and Fennessy, Fiona and Sonka, Milan and others},
  journal={Magnetic resonance imaging},
  volume={30},
  number={9},
  pages={1323--1341},
  year={2012},
  publisher={Elsevier},
	note = {\url{https://doi.org/10.1016/j.mri.2012.05.001}},
}



@Book{hume48,
  author =  "David Hume",
  year =    "1748",
  title =   "An enquiry concerning human understanding",
  address =     "Indianapolis, IN",
  publisher =   "Hackett",
	note = {\url{https://doi.org/10.1017/CBO9780511808432}},
}

@Article{Atr03,
  author = "P Atreides",
  year = "2003",
  title = "How to catch a sandworm",
  journal = "Transactions on Terraforming",
  volume = 21,
  issue = 3,
  pages = {261-300}
}

@Misc{terradesert,
    author = {TerraDesert Team},
    title = {Code for terraforming a desert},
    year = {2000},
    url = {https://terradesert.com/code/},
    note = {Accessed 1 Jan. 2000}
}


@InProceedings{jupyter,
  abstract  = {It is increasingly necessary for researchers in all fields to write computer code, and in order to reproduce research results, it is important that this code is published. We present Jupyter notebooks, a document format for publishing code, results and explanations in a form that is both readable and executable. We discuss various tools and use cases for notebook documents.},
  author    = {Kluyver, Thomas and Ragan-Kelley, Benjamin and Pérez, Fernando and Granger, Brian and Bussonnier, Matthias and Frederic, Jonathan and Kelley, Kyle and Hamrick, Jessica and Grout, Jason and Corlay, Sylvain and Ivanov, Paul and Avila, Damián and Abdalla, Safia and Willing, Carol and development team, Jupyter},
  editor    = {Loizides, Fernando and Scmidt, Birgit},
  location  = {Netherlands},
  publisher = {IOS Press},
  url       = {https://eprints.soton.ac.uk/403913/},
  booktitle = {Positioning and Power in Academic Publishing: Players, Agents and Agendas},
  date      = {2016},
  pages     = {87--90},
  title     = {Jupyter Notebooks - a publishing format for reproducible computational workflows},
}

@Article{matplotlib,
  abstract     = {Matplotlib is a 2D graphics package used for Python for application development, interactive scripting, and publication-quality image generation across user interfaces and operating systems.},
  author       = {Hunter, J. D.},
  publisher    = {IEEE COMPUTER SOC},
  date         = {2007},
	note = {\url{https://doi.org/10.1109/MCSE.2007.55}},
  journaltitle = {Computing in Science \& Engineering},
  number       = {3},
  pages        = {90--95},
  title        = {Matplotlib: A 2D graphics environment},
  volume       = {9},
}

@Article{numpy,
  author       = {Harris, Charles R. and Millman, K. Jarrod and van der Walt, Stéfan J. and Gommers, Ralf and Virtanen, Pauli and Cournapeau, David and Wieser, Eric and Taylor, Julian and Berg, Sebastian and Smith, Nathaniel J. and Kern, Robert and Picus, Matti and Hoyer, Stephan and van Kerkwijk, Marten H. and Brett, Matthew and Haldane, Allan and del Río, Jaime Fernández and Wiebe, Mark and Peterson, Pearu and Gérard-Marchant, Pierre and Sheppard, Kevin and Reddy, Tyler and Weckesser, Warren and Abbasi, Hameer and Gohlke, Christoph and Oliphant, Travis E.},
  publisher    = {Springer Science and Business Media {LLC}},
  url          = {https://doi.org/10.1038/s41586-020-2649-2},
  date         = {2020-09},
	note = {\url{https://doi.org/10.1038/s41586-020-2649-2}},
  journaltitle = {Nature},
  number       = {7825},
  pages        = {357--362},
  title        = {Array programming with {NumPy}},
  volume       = {585},
}

@Software{pandas1,
  author    = {The pandas development team},
  title     = {pandas-dev/pandas: Pandas},
  month     = feb,
  year      = 2020,
  publisher = {Zenodo},
  version   = {latest},
	note = {\url{https://doi.org/10.5281/zenodo.3509134}},
  url       = {https://doi.org/10.5281/zenodo.3509134},
}

@InProceedings{pandas2,
  author    = {{W}es {M}c{K}inney},
  title     = {{D}ata {S}tructures for {S}tatistical {C}omputing in {P}ython},
  booktitle = {{P}roceedings of the 9th {P}ython in {S}cience {C}onference},
  pages     = {56 - 61},
  year      = {2010},
  editor    = {{S}t\'efan van der {W}alt and {J}arrod {M}illman},
	note = {\url{https://doi.org/10.25080/Majora-92bf1922-00a}},
}

@Article{scipy,
  author  = {Virtanen, Pauli and Gommers, Ralf and Oliphant, Travis E. and
            Haberland, Matt and Reddy, Tyler and Cournapeau, David and
            Burovski, Evgeni and Peterson, Pearu and Weckesser, Warren and
            Bright, Jonathan and {van der Walt}, St{\'e}fan J. and
            Brett, Matthew and Wilson, Joshua and Millman, K. Jarrod and
            Mayorov, Nikolay and Nelson, Andrew R. J. and Jones, Eric and
            Kern, Robert and Larson, Eric and Carey, C J and
            Polat, {\.I}lhan and Feng, Yu and Moore, Eric W. and
            {VanderPlas}, Jake and Laxalde, Denis and Perktold, Josef and
            Cimrman, Robert and Henriksen, Ian and Quintero, E. A. and
            Harris, Charles R. and Archibald, Anne M. and
            Ribeiro, Ant{\^o}nio H. and Pedregosa, Fabian and
            {van Mulbregt}, Paul and {SciPy 1.0 Contributors}},
  title   = {{{SciPy} 1.0: Fundamental Algorithms for Scientific
            Computing in Python}},
  journal = {Nature Methods},
  year    = {2020},
  volume  = {17},
  pages   = {261--272},
  adsurl  = {https://rdcu.be/b08Wh},
	note = {\url{https://doi.org/10.1038/s41592-019-0686-2}},
}

@Article{sklearn1,
  author       = {Pedregosa, F. and Varoquaux, G. and Gramfort, A. and Michel, V. and Thirion, B. and Grisel, O. and Blondel, M. and Prettenhofer, P. and Weiss, R. and Dubourg, V. and Vanderplas, J. and Passos, A. and Cournapeau, D. and Brucher, M. and Perrot, M. and Duchesnay, E.},
  date         = {2011},
  journaltitle = {Journal of Machine Learning Research},
  pages        = {2825--2830},
  title        = {Scikit-learn: Machine Learning in {P}ython},
  volume       = {12},
}

@InProceedings{sklearn2,
  author    = {Buitinck, Lars and Louppe, Gilles and Blondel, Mathieu and Pedregosa, Fabian and Mueller, Andreas and Grisel, Olivier and Niculae, Vlad and Prettenhofer, Peter and Gramfort, Alexandre and Grobler, Jaques and Layton, Robert and VanderPlas, Jake and Joly, Arnaud and Holt, Brian and Varoquaux, Gaël},
  booktitle = {ECML PKDD Workshop: Languages for Data Mining and Machine Learning},
  date      = {2013},
  pages     = {108--122},
  title     = {{API} design for machine learning software: experiences from the scikit-learn project},
}