
@InProceedings{ n_held-proc-scipy-2018,
  author    = { {N}oelle {A}. {H}eld and {J}aclyn {K}. {S}aunders and {J}oe {F}utrelle and {M}ak {A}. {S}aito },
  title     = { {H}arnessing the {P}ower of {S}cientific {P}ython to {I}nvestigate {B}iogeochemistry and {M}etaproteomes of the {C}entral {P}acific {O}cean },
  booktitle = { {P}roceedings of the 17th {P}ython in {S}cience {C}onference },
  pages     = { 106 - 112 },
  year      = { 2018 },
  editor    = { {F}atih {A}kici and {D}avid {L}ippa and {D}illon {N}iederhut and {M} {P}acer },
  doi       = { 10.25080/Majora-4af1f417-010 }
}
