
@InProceedings{ aero_ef_logue-proc-scipy-2019,
  author    = { {K}yle {L}ogue and {E}steban {V}alles and {A}ndres {V}ila and {A}lex {U}tter and {D}arren {S}emmen and {E}ugene {G}rayver and {S}ebastian {O}lsen and {D}onna {B}ranchevsky },
  title     = { {E}xpert {R}{F} {F}eature {E}xtraction to {W}in the {A}rmy {R}{C}{O} {A}{I} {S}ignal {C}lassification {C}hallenge },
  booktitle = { {P}roceedings of the 18th {P}ython in {S}cience {C}onference },
  pages     = { 13 - 20 },
  year      = { 2019 },
  editor    = { {C}hris {C}alloway and {D}avid {L}ippa and {D}illon {N}iederhut and {D}avid {S}hupe },
  doi       = { 10.25080/Majora-7ddc1dd1-002 }
}
