
@InProceedings{ mikejordan_pacersuchow-proc-scipy-2016,
  author    = { {M}ichael {D}. {P}acer and {J}ordan {W}. {S}uchow },
  title     = { {L}inting science prose and the science of prose linting },
  booktitle = { {P}roceedings of the 15th {P}ython in {S}cience {C}onference },
  pages     = { 90 - 97 },
  year      = { 2016 },
  editor    = { {S}ebastian {B}enthall and {S}cott {R}ostrup },
  doi       = { 10.25080/Majora-629e541a-00d }
}
