@book{garner2016garner,
  title={Garner's Modern English Usage},
  author={Garner, Bryan},
  year={2016},
  publisher={Oxford University Press}
}


@misc{SublLintann,
  author = {Fishman, Aparajita},
  title = {SublimeLinter-annotations},
  year = {2015},
  publisher = {GitHub},
  journal = {GitHub repository},
  howpublished = {\url{https://github.com/SublimeLinter/SublimeLinter-annotations}},
}


@misc{Norris2009,
  title = {{Copy Editing at The New Yorker with Mary Norris}},
  howpublished = {\url{https://andyrossagency.wordpress.com/2009/09/20/}},
  note = {Accessed: 2016-07-11}
}

@misc{Ford2014,
  author = {Ford, Brian},
  title = {write-good},
  year = {2014},
  publisher = {GitHub},
  journal = {GitHub repository},
  howpublished = {\url{https://github.com/btford/write-good}},
}

@misc{Plain2011,
  author = {{Plain Language Action and Information Network}},
  title = {Federal Plain Language Guidelines},
  year = {2011},
  howpublished = {\url{http://www.plainlanguage.gov/howto/guidelines/bigdoc/fullbigdoc.pdf}},
}

@book{american1994publication,
  title={Publication Manual of the American Psychological Association},
  author={American Psychological Association},
  year={1994},
  publisher={American Psychological Association Washington}
}


@misc{Int_editing,
  title = {The Top 10 Inconsistent Spellings},
  publsiher = {Intelligent Editing Inc.},
  howpublished = {\url{http://www.intelligentediting.com/resources/the-top-10-inconsistent-spellings/}},
  note = {Accessed: 2016-05-29}
}
% Intelligent Editing Ltd

@misc{gnuDiction,
    title = {Style and Diction},
    howpublished = {\url{https://directory.fsf.org/wiki/Diction}},
    year = {2007}
}
% https://directory.fsf.org/wiki/Diction

@misc{bradberry2015,
    author = {Bradberry, Travis},
    year = {2015},
    howpublished={\url{http://www.inc.com/travis-bradberry/please-stop-saying-these-25-ridiculous-phrases-at-work.html}}
}

@misc{carlinFilth,
    author = {George Carlin},
    howpublished={\url{http://law2.umkc.edu/faculty/projects/ftrials/conlaw/filthywords.html}},
    year = {1973},
    note={Originally a stand-up routine on album Occupation Foole, transcribed in the cited source.}
}


@misc{NFLdirty,
    author = "National Football League",
    title = "Words banned from being printed by NFL as of 2005",
    howpublished={\url[https://github.com/d4l3k/sketchy-url-shortener/blob/master/word_list_dirty_words/nfl_dirty_words.txt]}
}

@book{bringhurst2004elements,
  title={The Elements of Typographic Style. 3rd revision},
  author={Bringhurst, Robert},
  publisher={Canada, USA: Hartley \& Marks},
  year={2004}
}


@article{mosteller1963inference,
  title={Inference in an authorship problem: A comparative study of discrimination methods applied to the authorship of the disputed {F}ederalist {P}apers},
  author={Mosteller, Frederick and Wallace, David L},
  journal={Journal of the American Statistical Association},
  volume={58},
  number={302},
  pages={275--309},
  year={1963},
  publisher={Taylor \& Francis}
}

@article{Argote2000,
  author = {Argote, L. and Ingram, P.},
  title = {Knowledge transfer: A basis for competitive advantage in firms},
  year = {2000},
  journal = {Organizational Behavior and Human Decision Processes},
  volume = {82},
  issue = {1},
  pages = {150--169},
}

@article{Fogg2010,
  author = {Fogg, B. J. and Hreha, J.},
  year = {2010},
  title = {Behavior wizard: a method for matching target behaviors with solutions},
  journal = {International Conference on Persuasive Technology},
  pages = {117--131}
  }

@article{marcus1992overregularization,
  title={Overregularization in language acquisition},
  author={Marcus, Gary F and Pinker, Steven and Ullman, Michael and Hollander, Michelle and Rosen, T John and Xu, Fei and Clahsen, Harald},
  journal={Monographs of the Society for Research in Child Development},
  pages={i--178},
  year={1992},
  publisher={JSTOR}
}

@inproceedings{bergmair2006content,
  title={Content-aware steganography: about lazy prisoners and narrow-minded wardens},
  author={Bergmair, Richard and Katzenbeisser, Stefan},
  booktitle={International Workshop on Information Hiding},
  pages={109--123},
  year={2006},
  organization={Springer}
}

@book{pinker2015sense,
  title={The sense of style: The thinking person's guide to writing in the 21st century},
  author={Pinker, Steven},
  year={2015},
  publisher={Penguin Books}
}

@misc{hackernews2016,
  title = {Hacker News: Proselint (proselint.com)},
  howpublished = {\url{https://news.ycombinator.com/item?id=11232882}},
  note = {Accessed: 2016-07-05}
}

@article{ferster1957schedules,
  title={Schedules of reinforcement.},
  author={Ferster, Charles B and Skinner, Burrhus Frederic},
  year={1957},
  publisher={Appleton-Century-Crofts}
}

@article{chomsky1956three,
  title={Three models for the description of language},
  author={Chomsky, Noam},
  journal={IRE Transactions on Information Theory},
  volume={2},
  number={3},
  pages={113--124},
  year={1956},
  publisher={IEEE}
}

@article{blei2009topic,
  title={Topic models},
  author={Blei, David M and Lafferty, John D},
  journal={Text mining: classification, clustering, and applications},
  volume={10},
  number={71},
  pages={34},
  year={2009}
}

@inproceedings{alsumait2008line,
  title={On-line lda: Adaptive topic models for mining text streams with applications to topic detection and tracking},
  author={AlSumait, Loulwah and Barbar{\'a}, Daniel and Domeniconi, Carlotta},
  booktitle={2008 eighth IEEE international conference on data mining},
  pages={3--12},
  year={2008},
  organization={IEEE}
}

@inproceedings{rosen2004author,
  title={The author-topic model for authors and documents},
  author={Rosen-Zvi, Michal and Griffiths, Thomas and Steyvers, Mark and Smyth, Padhraic},
  booktitle={Proceedings of the 20th {C}onference on Uncertainty in {A}rtificial {I}ntelligence},
  pages={487--494},
  year={2004},
  organization={AUAI Press}
}
@article{jackson1986introduction,
  title={Introduction to expert systems},
  author={Jackson, Peter},
  year={1986},
  publisher={Addison-Wesley Pub. Co., Reading, MA}
}

@book{nikolopoulos1997expert,
  title={Expert systems: introduction to first and second generation and hybrid knowledge based systems},
  author={Nikolopoulos, Chris},
  year={1997},
  publisher={Marcel Dekker, Inc.}
}

@article{blei2010nested,
  title={The nested chinese restaurant process and bayesian nonparametric inference of topic hierarchies},
  author={Blei, David M and Griffiths, Thomas L and Jordan, Michael I},
  journal={Journal of the ACM (JACM)},
  volume={57},
  number={2},
  pages={7},
  year={2010},
  publisher={ACM}
}

@article{kuhl1995chapter,
  title={Linguistic experience and the “Perceptual Magnet Effect”},
  author={Kuhl, Patricia K and Iverson, Paul},
  journal={Speech perception and linguistic experience: Issues in cross-language research},
  pages={121--154},
  year={1995}
}

@article{flesch1948new,
  title={A new readability yardstick.},
  author={Flesch, Rudolph},
  journal={Journal of Applied Psychology},
  volume={32},
  number={3},
  pages={221},
  year={1948},
  publisher={American Psychological Association}
}


@misc{editor_compare,
  title = {Comparing Grammar Checkers: Holding Grammar Scammers' Feats to the Fire},
  publsiher = {Serenity Software},
  howpublished = {\url{http://www.serenity-software.com/pages/comparisons.html}},
  note = {Accessed: 2016-07-11}
}

@article{Johnson1977,
  title = {Lint, a {C} program checker.},
  author = {Johnson, S.},
  year = {1977},
  month = {December},
  journal = {Computer Science Technical Report 65, Bell Laboratories},
}

@book{Bird:2009:NLP,
  address = {Sebastopol, CA},
  author = {Steven Bird and Ewan Klein and Edward Loper},
  note = {504 pages},
  publisher = {O'Reilly Media},
  subtitle = {Analyzing Text with the Natural Language Toolkit},
  title = {Natural Language Processing with Python},
  year = 2009
}

@book{Philips2004,
  author = {Philips, S. U.},
  year = {2004},
  title = {Language and social inequality. A Companion to Linguistic Anthropology},
  pages = {474-495},
}

@article{leacock2010automated,
  title={Automated grammatical error detection for language learners},
  author={Leacock, Claudia and Chodorow, Martin and Gamon, Michael and Tetreault, Joel},
  journal={Synthesis Lectures on Human Language Technologies},
  volume={3},
  number={1},
  pages={1--134},
  year={2010},
  publisher={Morgan \& Claypool Publishers}
}

@phdthesis{keller2000gradience,
  title={Gradience in grammar: Experimental and computational aspects of degrees of grammaticality},
  author={Keller, Frank},
  year={2000}
}


@misc{stallman2016gnu,
  title={{GNU} coding standards},
  author={Stallman, Richard and others},
  howpublished = {\url{https://www.gnu.org/prep/standards/html_node/Errors.html/}},
  year={2016},
  note = {Accessed: 2016-07-18}
}

@article{zheng2006framework,
  title={A framework for authorship identification of online messages: Writing-style features and classification techniques},
  author={Zheng, Rong and Li, Jiexun and Chen, Hsinchun and Huang, Zan},
  journal={Journal of the American Society for Information Science and Technology},
  volume={57},
  number={3},
  pages={378--393},
  year={2006},
  publisher={Wiley Online Library}
}

@article{valenti2003overview,
  title={An overview of current research on automated essay grading},
  author={Valenti, Salvatore and Neri, Francesca and Cucchiarelli, Alessandro},
  journal={Journal of Information Technology Education},
  volume={2},
  pages={319--330},
  year={2003},
  publisher={Informing Science Institute}
}

@inproceedings{wasserman1990tool,
  title={Tool integration in software engineering environments},
  author={Wasserman, Anthony I},
  booktitle={Software Engineering Environments},
  pages={137--149},
  year={1990},
  organization={Springer}
}

@inproceedings{chodorow2012problems,
  title={Problems in Evaluating Grammatical Error Detection Systems.},
  author={Chodorow, Martin and Dickinson, Markus and Israel, Ross and Tetreault, Joel R},
  booktitle={COLING 2012},
  pages={611--628},
  year={2012},
}

@article{heidorn1982epistle,
  title={The EPISTLE text-critiquing system},
  author={Heidorn, George E. and Jensen, Karen and Miller, Lance A. and Byrd, Roy J. and Chodorow, Martin S},
  journal={IBM Systems Journal},
  volume={21},
  number={3},
  pages={305--326},
  year={1982},
  publisher={IBM}
}

@article{cherry1983unix,
  title={The UNIX Writers Workbench Software},
  author={Cherry, Lorinda L and Macdonald, Nina H},
  journal={Byte},
  volume={8},
  number={10},
  pages={241},
  year={1983},
  publisher={MCGRAW HILL INC 1221 AVENUE OF THE AMERICAS, NEW YORK, NY 10020}
}

@article{vernon2000computerized,
  title={Computerized grammar checkers 2000: Capabilities, limitations, and pedagogical possibilities},
  author={Vernon, Alex},
  journal={Computers and Composition},
  volume={17},
  number={3},
  pages={329--349},
  year={2000},
  publisher={Elsevier}
}

@incollection{yampolskiy2013turing,
  title={Turing test as a defining feature of AI-completeness},
  author={Yampolskiy, Roman V},
  booktitle={Artificial {I}ntelligence, {E}volutionary {C}omputing and {M}etaheuristics},
  pages={3--17},
  year={2013},
  publisher={Springer}
}

@article{michel2011quantitative,
  title={Quantitative analysis of culture using millions of digitized books},
  author={Michel, Jean-Baptiste and Shen, Yuan Kui and Aiden, Aviva Presser and Veres, Adrian and Gray, Matthew K and Pickett, Joseph P and Hoiberg, Dale and Clancy, Dan and Norvig, Peter and Orwant, Jon and others},
  journal={Science},
  volume={331},
  number={6014},
  pages={176--182},
  year={2011},
  publisher={American Association for the Advancement of Science}
}

@article{rudman1997state,
  title={The state of authorship attribution studies: Some problems and solutions},
  author={Rudman, Joseph},
  journal={Computers and the Humanities},
  volume={31},
  number={4},
  pages={351--365},
  year={1997},
  publisher={Springer}
}

@phdthesis{naber2003rule,
  title={A rule-based style and grammar checker},
  author={Naber, Daniel},
  year={2003},
  publisher={Bielefeld University Bielefeld, Germany}
}


@article{perin2012linguistic,
  title={Linguistic style checking with program checking tools},
  author={Perin, Fabrizio and Renggli, Lukas and Ressia, Jorge},
  journal={Computer Languages, Systems \& Structures},
  volume={38},
  number={1},
  pages={61--72},
  year={2012},
  publisher={Elsevier}
}

@article{milkowski2010developing,
  title={Developing an open-source, rule-based proofreading tool},
  author={Mi{\l}kowski, Marcin},
  journal={Software: Practice and Experience},
  volume={40},
  number={7},
  pages={543--566},
  year={2010},
  publisher={Wiley Online Library}
}

@book{miller2001handbook,
  title={The handbook of nonsexist writing},
  author={Miller, Casey and Swift, Kate},
  year={2001},
  publisher={iUniverse}
}
