
@InProceedings{ josh_walawender-proc-scipy-2015,
  author    = { {J}osh {W}alawender },
  title     = { {A}utomated {I}mage {Q}uality {M}onitoring with {I}{Q}{M}on },
  booktitle = { {P}roceedings of the 14th {P}ython in {S}cience {C}onference },
  pages     = { 77 - 83 },
  year      = { 2015 },
  editor    = { {K}athryn {H}uff and {J}ames {B}ergstra },
  doi       = { 10.25080/Majora-7b98e3ed-00c }
}
