
@InProceedings{ ramachandran-proc-scipy-2010,
  author    = { {P}rabhu {R}amachandran and {C}handrashekhar {K}aushik },
  title     = { {P}y{S}{P}{H}: {A} {P}ython {F}ramework for {S}moothed {P}article {H}ydrodynamics },
  booktitle = { {P}roceedings of the 9th {P}ython in {S}cience {C}onference },
  pages     = { 80 - 84 },
  year      = { 2010 },
  editor    = { {S}t\'efan van der {W}alt and {J}arrod {M}illman },
  doi       = { 10.25080/Majora-92bf1922-00f }
}
