
@InProceedings{ rajeswari_sivakumar-proc-scipy-2019,
  author    = { {R}ajeswari {S}ivakumar and {S}hannon {Q}uinn },
  title     = { {P}arkinson's {C}lassification and {F}eature {E}xtraction from {D}iffusion {T}ensor {I}mages },
  booktitle = { {P}roceedings of the 18th {P}ython in {S}cience {C}onference },
  pages     = { 107 - 110 },
  year      = { 2019 },
  editor    = { {C}hris {C}alloway and {D}avid {L}ippa and {D}illon {N}iederhut and {D}avid {S}hupe },
  doi       = { 10.25080/Majora-7ddc1dd1-00f }
}
