
@InProceedings{ floehr-proc-scipy-2010,
  author    = { {E}ric {F}loehr },
  title     = { {W}eather {F}orecast {A}ccuracy {A}nalysis },
  booktitle = { {P}roceedings of the 9th {P}ython in {S}cience {C}onference },
  pages     = { 36 - 39 },
  year      = { 2010 },
  editor    = { {S}t\'efan van der {W}alt and {J}arrod {M}illman },
  doi       = { 10.25080/Majora-92bf1922-006 }
}
