
@InProceedings{ kyle_sunden-proc-scipy-2018,
  author    = { {K}yle {F} {S}unden and {B}laise {J} {T}hompson and {J}ohn {C} {W}right },
  title     = { {W}right{S}im: {U}sing {P}y{C}{U}{D}{A} to {S}imulate {M}ultidimensional {S}pectra },
  booktitle = { {P}roceedings of the 17th {P}ython in {S}cience {C}onference },
  pages     = { 77 - 83 },
  year      = { 2018 },
  editor    = { {F}atih {A}kici and {D}avid {L}ippa and {D}illon {N}iederhut and {M} {P}acer },
  doi       = { 10.25080/Majora-4af1f417-00c }
}
