
@InProceedings{ pugh-proc-scipy-2014,
  author    = { {D}avid {R}. {P}ugh },
  title     = { {P}ython for research and teaching economics },
  booktitle = { {P}roceedings of the 13th {P}ython in {S}cience {C}onference },
  pages     = { 59 - 64 },
  year      = { 2014 },
  editor    = { {S}t\'efan van der {W}alt and {J}ames {B}ergstra },
  doi       = { 10.25080/Majora-14bd3278-00a }
}
