
@InProceedings{ bergstra_skdata-proc-scipy-2013,
  author    = { {J}ames {B}ergstra and {N}icolas {P}into and {D}avid {D}. {C}ox },
  title     = { {S}k{D}ata: {D}ata {S}ets and {A}lgorithm {E}valuation {P}rotocols in {P}ython },
  booktitle = { {P}roceedings of the 12th {P}ython in {S}cience {C}onference },
  pages     = { 20 - 26 },
  year      = { 2013 },
  editor    = { {S}t\'efan van der {W}alt and {J}arrod {M}illman and {K}aty {H}uff },
  doi       = { 10.25080/Majora-8b375195-004 }
}
