@article{ahrens:1995,
  title={A one-table method for sampling from continuous and discrete distributions},
  author={Ahrens, Joachim H},
  journal={Computing},
  volume={54},
  number={2},
  pages={127--146},
  year={1995},
  publisher={Springer},
  doi={10.1007/bf02238128}
}

@article{behnel2011cython,
  title={Cython: The best of both worlds},
  author={Behnel, Stefan and Bradshaw, Robert and Citro, Craig and Dalcin, Lisandro and Seljebotn, Dag Sverre and Smith, Kurt},
  journal={Computing in Science \& Engineering},
  volume={13},
  number={2},
  pages={31--39},
  year={2011},
  publisher={IEEE Computer Society},
  doi={10.1109/mcse.2010.118}
}

@book{dagpunar:1988,
  title={Principles of random variate generation},
  author={Dagpunar, John},
  year={1988},
  publisher={Oxford University Press, USA}
}

@book{devroye:1986,
    AUTHOR = {Luc Devroye},
     TITLE = {Non-Uniform Random Variate Generation},
 PUBLISHER = {Springer-Verlag},
   ADDRESS = {New York},
      YEAR = {1986},
			 DOI = {10.1007/978-1-4613-8643-8}
}

@inproceedings{dieter:1989,
  title={Mathematical aspects of various methods for sampling from classical distributions},
  author={Dieter, Ulrich},
  booktitle={Proceedings of the 21st conference on Winter simulation},
  pages={477--483},
  year={1989},
  doi={10.1109/wsc.1989.718717}
}

@article{hoermann:1995,
author = {H\"{o}rmann, Wolfgang},
title = {A Rejection Technique for Sampling from {T}-Concave Distributions},
year = {1995},
volume = {21},
number = {2},
journal = {ACM Trans. Math. Softw.},
pages = {182-193},
numpages = {12},
doi = {10.1145/203082.203089}
}

@article{leydold:2000,
  title={Automatic sampling with the ratio-of-uniforms method},
  author={Leydold, Josef},
  journal={ACM Transactions on Mathematical Software (TOMS)},
  volume={26},
  number={1},
  pages={78--98},
  year={2000},
  publisher={ACM New York, NY, USA},
	doi={10.1145/347837.347863}
}

@article{kinderman:1977,
  title={Computer generation of random variables using the ratio of uniform deviates},
  author={Kinderman, Albert J and Monahan, John F},
  journal={ACM Transactions on Mathematical Software (TOMS)},
  volume={3},
  number={3},
  pages={257--260},
  year={1977},
  publisher={ACM New York, NY, USA},
  doi={10.1145/355744.355750}
}

@book{hoermann-et-al:2004,
  title={Automatic nonuniform random variate generation},
  author={H{\"o}rmann, Wolfgang and Leydold, Josef and Derflinger, Gerhard},
  year={2004},
  publisher={Springer},
  doi={10.1007/978-3-662-05946-3}
}

@article{hoermann:2003,
  title={Continuous random variate generation by fast numerical inversion},
  author={H{\"o}rmann, Wolfgang and Leydold, Josef},
  journal={ACM Transactions on Modeling and Computer Simulation (TOMACS)},
  volume={13},
  number={4},
  pages={347--362},
  year={2003},
  publisher={ACM New York, NY, USA},
  doi={10.1145/945511.945517}
}

@article{wild:1993,
  title={Algorithm AS 287: Adaptive rejection sampling from log-concave density functions},
  author={Wild, Pascal and Gilks, WR},
  journal={Journal of the Royal Statistical Society. Series C (Applied Statistics)},
  volume={42},
  number={4},
  pages={701--709},
  year={1993},
  publisher={JSTOR},
  doi={10.2307/2986186}
}

@inproceedings{tirler:2003,
  title={Automatic Non-uniform Random Variate Generation in R},
  author={Tirler, G{\"u}nter and Leydold, Josef},
  booktitle={Proceedings of DSC},
  pages={2},
  year={2003}
}

@article{wakefield:1991,
  title={Efficient generation of random variates via the ratio-of-uniforms method},
  author={Wakefield, JC and Gelfand, AE and Smith, AFM},
  journal={Statistics and Computing},
  volume={1},
  number={2},
  pages={129--133},
  year={1991},
  publisher={Springer},
  doi={10.1007/bf01889987}
}

@article{scipy:2020,
  title={SciPy 1.0: fundamental algorithms for scientific computing in Python},
  author={Virtanen, Pauli and Gommers, Ralf and Oliphant, Travis E and Haberland, Matt and Reddy, Tyler and Cournapeau, David and Burovski, Evgeni and Peterson, Pearu and Weckesser, Warren and Bright, Jonathan and others},
  journal={Nature methods},
  pages={1--12},
  year={2020},
  publisher={Nature Publishing Group},
  doi={10.1038/s41592-019-0686-2}
}

@article{numpy:2020,
 title = {Array programming with {NumPy}},
 author = {Charles R. Harris and K. Jarrod Millman and St{\'{e}}fan J.
           van der Walt and Ralf Gommers and Pauli Virtanen and David
           Cournapeau and Eric Wieser and Julian Taylor and Sebastian
           Berg and Nathaniel J. Smith and Robert Kern and Matti Picus
           and Stephan Hoyer and Marten H. van Kerkwijk and Matthew
           Brett and Allan Haldane and Jaime Fern{\'{a}}ndez del
           R{\'{i}}o and Mark Wiebe and Pearu Peterson and Pierre
           G{\'{e}}rard-Marchant and Kevin Sheppard and Tyler Reddy and
           Warren Weckesser and Hameer Abbasi and Christoph Gohlke and
           Travis E. Oliphant},
 year = {2020},
 journal = {Nature},
 volume = {585},
 number = {7825},
 pages = {357--362},
 doi = {10.1038/s41586-020-2649-2},
 publisher = {Springer Science and Business Media {LLC}}
}

@article{pinv:2010,
  title={Random variate generation by numerical inversion when only the density is known},
  author={Derflinger, Gerhard and H{\"o}rmann, Wolfgang and Leydold, Josef},
  journal={ACM Transactions on Modeling and Computer Simulation (TOMACS)},
  volume={20},
  number={4},
  pages={1--25},
  year={2010},
  publisher={ACM New York, NY, USA},
  doi={10.1145/1842722.1842723}
}

@inproceedings{leydold2000universal,
  title={Universal algorithms as an alternative for generating non-uniform continuous random variates},
  author={Leydold, Josef and H{\"o}rmann, Wolfgang},
  year={2000},
  booktitle={Proceedings of the International Conference on Monte Carlo Simulation 2000.},
  pages={177--183},
}

@book{gentle:2003,
  title={Random number generation and Monte Carlo methods},
  author={Gentle, James E},
  volume={381},
  year={2003},
  publisher={Springer},
  doi={10.1007/b97336}
}

@book{knuth2014art,
  title={The Art of Computer Programming, Volume 2: Seminumerical algorithms},
  author={Knuth, Donald E},
  year={2014},
  publisher={Addison-Wesley Professional},
  doi={10.2307/2317055}
}

@article{walker:1977,
  title={An efficient method for generating discrete random variables with general distributions},
  author={Walker, Alastair J},
  journal={ACM Transactions on Mathematical Software (TOMS)},
  volume={3},
  number={3},
  pages={253--256},
  year={1977},
  publisher={ACM New York, NY, USA},
  doi={10.1145/355744.355749}
}

@article{chen:1974,
  title={On generating random variates from an empirical distribution},
  author={Chen, Hui-Chuan and Asau, Yoshinori},
  journal={AIIE Transactions},
  volume={6},
  number={2},
  pages={163--166},
  year={1974},
  publisher={Taylor \& Francis},
  doi={10.1080/05695557408974949}
}

@article{leydold:2001SROU,
  title={A simple universal generator for continuous and discrete univariate {T}-concave distributions},
  author={Leydold, Josef},
  journal={ACM Transactions on Mathematical Software (TOMS)},
  volume={27},
  number={1},
  pages={66--82},
  year={2001},
  publisher={ACM New York, NY, USA},
  doi={10.1145/382043.382322}
}

@article{leydold:2003SROU,
  title={Short universal generators via generalized ratio-of-uniforms method},
  author={Leydold, Josef},
  journal={Mathematics of Computation},
  volume={72},
  number={243},
  pages={1453--1471},
  year={2003},
  doi={10.1090/s0025-5718-03-01511-4}
}


@article{gilks:1992adaptive,
  title={Adaptive rejection sampling for {G}ibbs sampling},
  author={Gilks, Walter R and Wild, Pascal},
  journal={Journal of the Royal Statistical Society: Series C (Applied Statistics)},
  volume={41},
  number={2},
  pages={337--348},
  year={1992},
  publisher={Wiley Online Library},
  doi={10.2307/2347565}
}

@article{pymc,
  title={{PyMC}: Bayesian stochastic modelling in {P}ython},
  author={Patil, Anand and Huard, David and Fonnesbeck, Christopher J},
  journal={Journal of Statistical Software},
  volume={35},
  number={4},
  pages={1},
  year={2010},
  publisher={Europe PMC Funders},
  doi={10.18637/jss.v035.i04}
}

@misc{stan,
  author={Stan Development Team},
	title={Stan Modeling Language Users Guide and Reference Manual, version 2.28.},
	note={\url{https://mc-stan.org}},
	year={2021}
}

@article{np:gennorm,
author = {Martina Nardon and  Paolo Pianca},
title = {Simulation techniques for generalized {G}aussian densities},
journal = {Journal of Statistical Computation and Simulation},
volume = {79},
number = {11},
pages = {1317-1329},
year  = {2009},
publisher = {Taylor & Francis},
doi = {10.1080/00949650802290912}
}

@article{subbotin1923,
  title={On the law of frequency of error},
  author={Subbotin, M.T.},
  journal={Mat. Sbornik},
  volume={31},
  number={2},
  pages={296--301},
  year={1923},
}

@article{kalke_richter2013,
  title={Simulation of the p-generalized {G}aussian distribution},
  author={Kalke, Steve and Richter, W-D},
  journal={Journal of Statistical Computation and Simulation},
  volume={83},
  number={4},
  pages={641--667},
  year={2013},
  publisher={Taylor \& Francis},
  doi={10.1080/00949655.2011.631187}
}

@inproceedings{l2000fast,
  title={Fast combined multiple recursive generators with multipliers of the form a=/spl plusmn/2/sup q//spl plusmn/2/sup r},
  author={L'Ecuyer, Pierre and Touzin, Ren{\'e}e},
  booktitle={2000 Winter Simulation Conference Proceedings (Cat. No. 00CH37165)},
  volume={1},
  pages={683--689},
  year={2000},
  organization={IEEE},
  doi={10.1109/wsc.2000.899780}
}

@article{marsaglia2000ziggurat,
  title={The ziggurat method for generating random variables},
  author={Marsaglia, George and Tsang, Wai Wan},
  journal={Journal of statistical software},
  volume={5},
  number={1},
  pages={1--7},
  year={2000},
  doi={10.18637/jss.v005.i08}
}

@article{johnk1964,
  title={Erzeugung von betaverteilten und gammaverteilten {Z}ufallszahlen},
  author={J{\"o}hnk, MD},
  journal={Metrika},
  volume={8},
  number={1},
  pages={5--15},
  year={1964},
  publisher={Springer},
  doi={10.1007/bf02613706}
}

@article{marsaglia2000simple,
  title={A simple method for generating gamma variables},
  author={Marsaglia, George and Tsang, Wai Wan},
  journal={ACM Transactions on Mathematical Software (TOMS)},
  volume={26},
  number={3},
  pages={363--372},
  year={2000},
  publisher={ACM New York, NY, USA},
  doi={10.1145/358407.358414}
}

@misc{Rmanual,
  title = {R: A Language and Environment for Statistical Computing},
  author = {{R Core Team}},
  year = {2021},
  note = {\url{https://www.R-project.org/}},
}

@misc{unuranc,
  title={{UNU.RAN} - {U}niversal {N}on-{U}niform {RAN}dom number generators},
  author={H{\"o}rmann, Wolfgang and Leydold, Josef},
  year={2007},
  note={\url{https://statmath.wu.ac.at/unuran/doc.html}}
}

@article{neumann:1951,
  title={Various techniques used in connection with random digits},
  author={Von Neumann, John},
  journal={Appl. Math Ser},
  volume={12},
  number={36-38},
  pages={3},
  year={1951}
}

@techreport{oneill:pcg2014,
    title = "{PCG}: A Family of Simple Fast Space-Efficient Statistically Good Algorithms for Random Number Generation",
    author = "Melissa E. O'Neill",
    institution = "Harvey Mudd College",
    address = "Claremont, CA",
    number = "HMC-CS-2014-0905",
    year = "2014",
    month = Sep,
    xurl = "https://www.cs.hmc.edu/tr/hmc-cs-2014-0905.pdf",
}