
@InProceedings{ brefsdal-proc-scipy-2011,
  author    = { {B}rian {R}efsdal and {S}tephen {D}oe and {D}an {N}guyen and {A}neta {S}iemiginowska },
  title     = { {F}itting and {E}stimating {P}arameter {C}onfidence {L}imits with {S}herpa },
  booktitle = { {P}roceedings of the 10th {P}ython in {S}cience {C}onference },
  pages     = { 10 - 16 },
  year      = { 2011 },
  editor    = { {S}t\'efan van der {W}alt and {J}arrod {M}illman },
  doi       = { 10.25080/Majora-ebaa42b7-001 }
}
