
@InProceedings{ matthew_rocklin-proc-scipy-2012,
  author    = { {M}atthew {R}ocklin },
  title     = { {U}ncertainty {M}odeling with {S}ym{P}y {S}tats },
  booktitle = { {P}roceedings of the 11th {P}ython in {S}cience {C}onference },
  pages     = { 51 - 55 },
  year      = { 2012 },
  editor    = { {A}ron {A}hmadia and {J}arrod {M}illman and {S}t\'efan van der {W}alt },
  doi       = { 10.25080/Majora-54c7f2c8-009 }
}
