@article{micceri1989unicorn,
    title = {The unicorn, the normal curve, and other improbable creatures.},
    author = {Micceri, Theodore},
    journal = {Psychological bulletin},
    volume = {105},
    number = {1},
    pages = {156},
    year = {1989},
    publisher = {American Psychological Association},
    DOI = {10.1037/0033-2909.105.1.156},
}

@article{cramer1946mathematical,
    title={Mathematical methods of statistics, Princeton Univ},
    author={Cramer, Harold},
    journal={Press, Princeton, NJ},
    year={1946},
    url={https://books.google.ca/books?id=CRTKKaJO0DYC}
}

@article{gleason1993understanding,
    title={Understanding elongation: The scale contaminated normal family},
    author={Gleason, John R},
    journal={Journal of the American Statistical Association},
    volume={88},
    number={421},
    pages={327--337},
    year={1993},
    publisher={Taylor \& Francis},
    DOI={10.1080/01621459.1993.10594325}
}

@book{wilcox2013introduction,
    title={Introduction to robust estimation and hypothesis testing},
    author={Wilcox, Rand R},
    year={2013},
    publisher={Academic press},
    DOI={10.1016/c2010-0-67044-1}
}

@article{20000755025,
    author={Tukey, J. W.},
    title={A survey of sampling from contaminated distributions},
    journal={Contributions to Probability and Statistics},
    publisher={Stanford University Press},
    year={1960},
    pages={448-485},
    URL={https://ci.nii.ac.jp/naid/20000755025/en/}
}

@article{tan1982sampling,
    title={Sampling distributions and robustness of t, F and variance-ratio in two samples and ANOVA models with respect to departure from normality},
    author={Tan, WY},
    journal={Comm. Statist.-Theor. Meth.},
    volume={11},
    pages={2485--2511},
    year={1982},
    url = {https://pascal-francis.inist.fr/vibad/index.php?action=getRecordDetail&idt=PASCAL83X0380619},
}

@article{wilcox1992can,
    title={Why can methods for comparing means have relatively low power, and what can you do to correct the problem?},
    author={Wilcox, Rand R},
    journal={Current Directions in Psychological Science},
    volume={1},
    number={3},
    pages={101--105},
    year={1992},
    publisher={SAGE Publications Sage CA: Los Angeles, CA},
    DOI= {10.1111/1467-8721.ep10768801},
}

@article{wilcox1998many,
    title={How many discoveries have been lost by ignoring modern statistical methods?},
    author={Wilcox, Rand R},
    journal={American Psychologist},
    volume={53},
    number={3},
    pages={300},
    year={1998},
    publisher={American Psychological Association},
    DOI= {10.1037/0003-066X.53.3.300}
}

@article{fashing1981myth,
    title={The Myth of the Normal Curve a Theoretical Critique and Examination of its Role in Teaching and Research},
    author={Fashing, Joseph and Goertzel, Ted},
    journal={Humanity \& Society},
    volume={5},
    number={1},
    pages={14--31},
    year={1981},
    publisher={SAGE Publications Sage CA: Los Angeles, CA},
    DOI={10.1177/016059768100500103},
}

@article{campopiano2018statslab,
    title={STATSLAB: An open-source EEG toolbox for computing single-subject effects using robust statistics},
    author={Campopiano, Allan and van Noordt, Stefon JR and Segalowitz, Sidney J},
    journal={Behavioural Brain Research},
    volume={347},
    pages={425--435},
    year={2018},
    publisher={Elsevier},
    DOI={10.1016/j.bbr.2018.03.025}
}

@article{tibshirani1993introduction,
    title={An introduction to the bootstrap},
    author={Tibshirani, Robert J and Efron, Bradley},
    journal={Monographs on statistics and applied probability},
    volume={57},
    pages={1--436},
    year={1993},
    publisher={Chapman and Hall New York},
    url = {https://books.google.ca/books?id=gLlpIUxRntoC},
}

@article{erceg2008modern,
    title={Modern robust statistical methods: an easy way to maximize the accuracy and power of your research.},
    author={Erceg-Hurn, David M and Mirosevich, Vikki M},
    journal={American Psychologist},
    volume={63},
    number={7},
    pages={591},
    year={2008},
    publisher={American Psychological Association},
    DOI = {10.1037/0003-066X.63.7.591},
}

@article{Campopiano2020,
    title = {Hypothesize: Robust Statistics for Python},
    author = {Allan Campopiano and Rand R. Wilcox},
    year = {2020},
    publisher = {The Open Journal},
    volume = {5},
    number = {50},
    pages = {2241},
    journal = {Journal of Open Source Software},
    DOI={10.21105/joss.02241}
}

@incollection{efron1992bootstrap,
  title={Bootstrap methods: another look at the jackknife},
  author={Efron, Bradley},
  booktitle={Breakthroughs in statistics},
  pages={569--593},
  year={1992},
  publisher={Springer},
  DOI={10.1007/978-1-4612-4380-9_41}
}

@article{hill1982robustness,
  title={Robustness in real life: A study of clinical laboratory data},
  author={Hill, MaryAnn and Dixon, WJ},
  journal={Biometrics},
  pages={377--396},
  year={1982},
  publisher={JSTOR},
  DOI={10.2307/2530452}
}

@article{wilcox2009robust,
  title={Robust ANCOVA using a smoother with bootstrap bagging},
  author={Wilcox, Rand R},
  journal={British Journal of Mathematical and Statistical Psychology},
  volume={62},
  number={2},
  pages={427--437},
  year={2009},
  publisher={Wiley Online Library},
  DOI={10.1348/000711008X325300}
}

@book{wilcox2001fundamentals,
  title={Fundamentals of modern statistical methods: Substantially improving power and accuracy},
  author={Wilcox, Rand R},
  volume={249},
  year={2001},
  publisher={Springer},
  url={https://link.springer.com/book/10.1007/978-1-4757-3522-2}
}

@article{yuen1974two,
  title={The two-sample trimmed t for unequal population variances},
  author={Yuen, Karen K},
  journal={Biometrika},
  volume={61},
  number={1},
  pages={165--170},
  year={1974},
  publisher={Oxford University Press},
  DOI={10.2307/2334299}
}

@article{van2021cortical,
  title={Cortical maturation from childhood to adolescence is reflected in resting state EEG signal complexity},
  author={van Noordt, Stefon and Willoughby, Teena},
  journal={Developmental cognitive neuroscience},
  volume={48},
  pages={100945},
  year={2021},
  publisher={Elsevier},
  DOI={10.1016/j.dcn.2021.100945}
}

@article{van2022inter,
  title={Inter-trial theta phase consistency during face processing in infants is associated with later emerging autism},
  author={van Noordt, Stefon and Desjardins, James A and BASIS Team and Elsabbagh, Mayada},
  journal={Autism Research},
  volume={15},
  number={5},
  pages={834--846},
  year={2022},
  publisher={Wiley Online Library},
  DOI={10.1002/aur.2701}
}

@software{reback2020pandas,
    author = {The pandas development team},
    title = {pandas-dev/pandas: Pandas},
    month = feb,
    year = 2020,
    publisher = {Zenodo},
    version = {latest},
    doi = {10.5281/zenodo.3509134},
    url = {https://doi.org/10.5281/zenodo.3509134}
}

@InProceedings{mckinney-proc-scipy-2010,
  author = {{W}es {M}c{K}inney},
  title = {{D}ata {S}tructures for {S}tatistical {C}omputing in {P}ython},
  booktitle = {{P}roceedings of the 9th {P}ython in {S}cience {C}onference},
  pages = {56 - 61},
  year = {2010},
  editor = {{S}t\'efan van der {W}alt and {J}arrod {M}illman},
  doi = {10.25080/Majora-92bf1922-00a}
}