@article{Li2004,
archivePrefix = {arXiv},
arxivId = {cs/0111054},
author = {Li, Ming and Chen, Xin and Li, Xin and Ma, Bin and Vitanyi, Paul M.B.},
doi = {10.1109/TIT.2004.838101},
eprint = {0111054},
isbn = {0-89871-538-5},
issn = {0018-9448},
journal = {IEEE Transactions on Information Theory},
number = {12},
pages = {3250--3264},
pmid = {1362909},
primaryClass = {cs},
title = {{The Similarity Metric}},
volume = {50},
year = {2004}
}
@inproceedings{Keogh:2004:TPD:1014052.1014077,
address = {New York, NY, USA},
annote = {{\~{}}500 citea},
author = {Keogh, Eamonn and Lonardi, Stefano and Ratanamahatana, Chotirat Ann},
booktitle = {Proceedings of the Tenth ACM SIGKDD International Conference on Knowledge Discovery and Data Mining},
doi = {10.1145/1014052.1014077},
isbn = {1-58113-888-1},
pages = {206--215},
publisher = {ACM},
series = {KDD '04},
title = {{Towards Parameter-free Data Mining}},
url = {http://doi.acm.org/10.1145/1014052.1014077},
year = {2004}
}
@article{Keogh2007,
author = {Keogh, Eamonn and Lonardi, Stefano and Ratanamahatana, Chotirat Ann and Wei, Li and Lee, Sang-Hee and Handley, John},
doi = {10.1007/s10618-006-0049-3},
issn = {1573-756X},
journal = {Data Mining and Knowledge Discovery},
number = {1},
pages = {99--129},
title = {{Compression-based data mining of sequential data}},
url = {http://dx.doi.org/10.1007/s10618-006-0049-3},
volume = {14},
year = {2007}
}
@article{cebrian2005common,
author = {Cebri{\'{a}}n, Manuel and Alfonseca, Manuel and Ortega, Alfonso and Others},
journal = {Communications in Information {\&} Systems},
number = {4},
pages = {367--384},
publisher = {International Press of Boston},
title = {{Common pitfalls using the normalized compression distance: What to watch out for in a compressor}},
volume = {5},
year = {2005}
}
@inproceedings{Tran2007,
author = {Tran, Nicholas},
doi = {10.1117/12.704334},
editor = {Rogowitz, Bernice E. and Pappas, Thrasyvoulos N. and Daly, Scott J.},
month = {feb},
title = {{The normalized compression distance and image distinguishability}},
url = {http://proceedings.spiedigitallibrary.org/proceeding.aspx?doi=10.1117/12.704334},
year = {2007}
}
@article{Borbely2015,
author = {Borbely, Rebecca Schuller},
doi = {10.1007/s11416-015-0260-0},
issn = {2263-8733},
journal = {Journal of Computer Virology and Hacking Techniques},
pages = {1--8},
title = {{On normalized compression distance and large malware}},
year = {2015}
}
@inproceedings{doi:10.1117/12.704334,
author = {Tran, Nicholas},
booktitle = {Proc. SPIE 6492, Human Vision and Electronic Imaging XII},
doi = {10.1117/12.704334},
editor = {Rogowitz, Bernice E. and Pappas, Thrasyvoulos N. and Daly, Scott J.},
month = {feb},
title = {{The normalized compression distance and image distinguishability}},
url = {http://dx.doi.org/10.1117/12.704334},
volume = {64921D},
year = {2007}
}
@inproceedings{Sculley:2006:CML:1126009.1126054,
address = {Washington, DC, USA},
author = {Sculley, D and Brodley, Carla E},
booktitle = {Proceedings of the Data Compression Conference},
doi = {10.1109/DCC.2006.13},
isbn = {0-7695-2545-8},
pages = {332},
publisher = {IEEE Computer Society},
series = {DCC '06},
title = {{Compression and Machine Learning: A New Perspective on Feature Space Vectors}},
url = {http://dx.doi.org/10.1109/DCC.2006.13},
year = {2006}
}
@article{Cebrin2007,
author = {Cebrin, Manuel and Alfonseca, Manuel and Ortega, Alfonso},
doi = {10.1109/TIT.2007.894669},
issn = {0018-9448},
journal = {IEEE Transactions on Information Theory},
month = {may},
number = {5},
pages = {1895--1900},
title = {{The Normalized Compression Distance Is Resistant to Noise}},
url = {http://ieeexplore.ieee.org/document/4167725/},
volume = {53},
year = {2007}
}
@article{Lempel1976,
archivePrefix = {arXiv},
arxivId = {math/0009084},
author = {Lempel, A. and Ziv, J.},
doi = {10.1109/TIT.1976.1055501},
eprint = {0009084},
issn = {0018-9448},
journal = {IEEE Transactions on Information Theory},
month = {jan},
number = {1},
pages = {75--81},
primaryClass = {math},
title = {{On the Complexity of Finite Sequences}},
url = {http://ieeexplore.ieee.org/document/1055501/},
volume = {22},
year = {1976}
}
@inproceedings{raff_lzjd_2017,
address = {New York, New York, USA},
author = {Raff, Edward and Nicholas, Charles},
booktitle = {Proceedings of the 23rd ACM SIGKDD International Conference on Knowledge Discovery and Data Mining - KDD '17},
doi = {10.1145/3097983.3098111},
isbn = {9781450348874},
pages = {1007--1015},
publisher = {ACM Press},
title = {{An Alternative to NCD for Large Sequences, Lempel-Ziv Jaccard Distance}},
url = {http://dl.acm.org/citation.cfm?doid=3097983.3098111},
year = {2017}
}
@inproceedings{raff_shwel,
address = {New York, NY, USA},
author = {Raff, Edward and Nicholas, Charles},
booktitle = {Proceedings of the 10th ACM Workshop on Artificial Intelligence and Security},
doi = {10.1145/3128572.3140446},
isbn = {978-1-4503-5202-4},
pages = {111--120},
publisher = {ACM},
series = {AISec '17},
title = {{Malware Classification and Class Imbalance via Stochastic Hashed LZJD}},
url = {http://doi.acm.org/10.1145/3128572.3140446},
year = {2017}
}
@article{raff_lzjd_digest,
archivePrefix = {arXiv},
arxivId = {1708.03346},
author = {Raff, Edward and Nicholas, Charles K.},
doi = {10.1016/j.diin.2017.12.004},
eprint = {1708.03346},
issn = {17422876},
journal = {Digital Investigation},
month = {feb},
title = {{Lempel-Ziv Jaccard Distance, an effective alternative to ssdeep and sdhash}},
url = {https://doi.org/10.1016/j.diin.2017.12.004},
year = {2018}
}
@article{JMLR:v18:16-131,
author = {Raff, Edward},
journal = {Journal of Machine Learning Research},
number = {23},
pages = {1--5},
title = {{JSAT: Java Statistical Analysis Tool, a Library for Machine Learning}},
url = {http://jmlr.org/papers/v18/16-131.html},
volume = {18},
year = {2017}
}
@inproceedings{Broder:1998:MIP:276698.276781,
address = {New York, NY, USA},
author = {Broder, Andrei Z and Charikar, Moses and Frieze, Alan M and Mitzenmacher, Michael},
booktitle = {Proceedings of the Thirtieth Annual ACM Symposium on Theory of Computing},
doi = {10.1145/276698.276781},
isbn = {0-89791-962-9},
pages = {327--336},
publisher = {ACM},
series = {STOC '98},
title = {{Min-wise Independent Permutations (Extended Abstract)}},
url = {http://doi.acm.org/10.1145/276698.276781},
year = {1998}
}
@article{Ertl2017,
archivePrefix = {arXiv},
arxivId = {arXiv:1706.05698v1},
author = {Ertl, Otmar},
eprint = {arXiv:1706.05698v1},
journal = {arXiv},
title = {{SuperMinHash â€“ A New Minwise Hashing Algorithm for Jaccard Similarity Estimation}},
year = {2017}
}
@ARTICLE{ behnel2010cython,
    author={Behnel, S. and Bradshaw, R. and Citro, C. and Dalcin, L. and Seljebotn, D.S. and Smith, K.},
    journal={Computing in Science Engineering},
    title={Cython: The Best of Both Worlds},
    year={2011},
    month=march-april ,
    volume={13},
    number={2},
    pages={31 -39},
    keywords={Cython language;Fortran code;Python language extension;numerical loops;programming language;C language;numerical analysis;},
    doi={10.1109/MCSE.2010.118},
    ISSN={1521-9615},
}
@inproceedings{Weinberger2009a,
address = {New York, New York, USA},
author = {Weinberger, Kilian and Dasgupta, Anirban and Langford, John and Smola, Alex and Attenberg, Josh},
booktitle = {Proceedings of the 26th Annual International Conference on Machine Learning - ICML '09},
doi = {10.1145/1553374.1553516},
isbn = {9781605585161},
pages = {1113--1120},
publisher = {ACM Press},
title = {{Feature hashing for large scale multitask learning}},
url = {http://portal.acm.org/citation.cfm?doid=1553374.1553516},
year = {2009}
}
@article{Li:2011:TAB:1978542.1978566,
address = {New York, NY, USA},
author = {Li, Ping and K{\"{o}}nig, Arnd Christian},
doi = {10.1145/1978542.1978566},
issn = {0001-0782},
journal = {Commun. ACM},
month = {aug},
number = {8},
pages = {101--109},
publisher = {ACM},
title = {{Theory and Applications of B-bit Minwise Hashing}},
url = {http://doi.acm.org/10.1145/1978542.1978566},
volume = {54},
year = {2011}
}
@book{Bellman1957,
address = {Princeton, NJ},
annote = {First use of term 'curse of dimensionality'},
author = {Bellman, Richard},
publisher = {Princeton University Press},
title = {{Dynamic Programming}},
year = {1957}
}
@inproceedings{imageSpam2007,
author = {Dredze, Mark and Gevaryahu, Reuven and Elias-Bachrach, Ari},
booktitle = {Proceedings of the Conference on Email and Anti-Spam (CEAS)},
year = {2007},
title = {Learning Fast Classifiers for Image Spam.}
}
@article{Roussev2011,
author = {Roussev, Vassil},
doi = {10.1016/j.diin.2011.05.005},
issn = {17422876},
journal = {Digital Investigation},
pages = {S34--S41},
title = {{An evaluation of forensic similarity hashes}},
volume = {8},
year = {2011}
}
@article{Maaten2008,
author = {Maaten, Laurens Van Der and Hinton, Geoffrey},
journal = {Journal of Machine Learning Research},
pages = {2579--2605},
title = {{Visualizing Data using t-SNE}},
volume = {9},
year = {2008}
}
@unpublished{Faria-joao,
author = {Faria-joao, Jo{\~{a}}o Felipe Pontes},
title = {{Detec{\c{c}}{\~{a}}o de Imagens Similares: Aplicabilidade de Ferramentas Software Livre de Hash de Similaridade de Uso Geral}},
url = {https://www.ipog.edu.br/revista-especialize-online/edicao-16-2018-dez/deteccao-de-imagens-similares-aplicabilidade-de-ferramentas-software-livre-de-hash-de-similaridade-de-uso-geral/}
}
@inproceedings{xgboost,
archivePrefix = {arXiv},
arxivId = {1603.02754},
author = {Chen, Tianqi and Guestrin, Carlos},
booktitle = {Proceedings of the 22nd ACM SIGKDD International Conference on Knowledge Discovery and Data Mining},
eprint = {1603.02754},
title = {{XGBoost: Reliable Large-scale Tree Boosting System}},
year = {2016}
}
@article{JMLR:v18:16-131,
author = {Raff, Edward},
journal = {Journal of Machine Learning Research},
number = {23},
pages = {1--5},
title = {{JSAT: Java Statistical Analysis Tool, a Library for Machine Learning}},
url = {http://jmlr.org/papers/v18/16-131.html},
volume = {18},
year = {2017}
}
@article{JMLR:v17:15-237,
author = {Meng, Xiangrui and Bradley, Joseph and Yavuz, Burak and Sparks, Evan and Venkataraman, Shivaram and Liu, Davies and Freeman, Jeremy and Tsai, D B and Amde, Manish and Owen, Sean and Xin, Doris and Xin, Reynold and Franklin, Michael J and Zadeh, Reza and Zaharia, Matei and Talwalkar, Ameet},
journal = {Journal of Machine Learning Research},
number = {34},
pages = {1--7},
title = {{MLlib: Machine Learning in Apache Spark}},
url = {http://jmlr.org/papers/v17/15-237.html},
volume = {17},
year = {2016}
}
@article{Hall2009,
author = {Hall, Mark and Frank, Eibe and Holmes, Geoffrey and Pfahringer, Bernhard and Reutemann, Peter and Witten, Ian H},
doi = {10.1145/1656274.1656278},
isbn = {1931-0145},
issn = {19310145},
journal = {ACM SIGKDD Explorations Newsletter},
month = {nov},
number = {1},
pages = {10--18},
title = {{The WEKA Data Mining Software: An Update Mark}},
volume = {11},
year = {2009}
}
@article{scikit-learn,
author = {Pedregosa, F and Varoquaux, G and Gramfort, A and Michel, V and Thirion, B and Grisel, O and Blondel, M and Prettenhofer, P and Weiss, R and Dubourg, V and Vanderplas, J and Passos, A and Cournapeau, D and Brucher, M and Perrot, M and Duchesnay, E},
journal = {Journal of Machine Learning Research},
pages = {2825--2830},
title = {{Scikit-learn: Machine Learning in Python}},
url = {http://jmlr.csail.mit.edu/papers/v12/pedregosa11a.html},
volume = {12},
year = {2011}
}
