
@InProceedings{ pylzjd-proc-scipy-2019,
  author    = { {E}dward {R}aff and {J}oe {A}urelio and {C}harles {N}icholas },
  title     = { {P}y{L}{Z}{J}{D}: {A}n {E}asy to {U}se {T}ool for {M}achine {L}earning },
  booktitle = { {P}roceedings of the 18th {P}ython in {S}cience {C}onference },
  pages     = { 101 - 106 },
  year      = { 2019 },
  editor    = { {C}hris {C}alloway and {D}avid {L}ippa and {D}illon {N}iederhut and {D}avid {S}hupe },
  doi       = { 10.25080/Majora-7ddc1dd1-00e }
}
