
@InProceedings{ kumaran_baskaran-proc-scipy-2021,
  author    = { {K}umaran {B}askaran and {J}onathan {R} {W}edell and {E}ldon {L}. {U}lrich and {J}effery {C}. {H}och and {J}ohn {L}. {M}arkley },
  title     = { {P}y{B}{M}{R}{B}: {D}ata visualization tool for {B}io{M}ag{R}es{B}ank },
  booktitle = { {P}roceedings of the 20th {P}ython in {S}cience {C}onference },
  pages     = { 81 - 84 },
  year      = { 2021 },
  editor    = { {M}eghann {A}garwal and {C}hris {C}alloway and {D}illon {N}iederhut and {D}avid {S}hupe },
  doi       = { 10.25080/majora-1b6fd038-00a }
}
