

@article{aziz2018exploring,
  title={{Exploring the impact of walk--bike infrastructure, safety perception, and built-environment on active transportation mode choice: a random parameter model using New York City commuter data}},
  author={Aziz, H.M. Abdul and Nagle, Nicholas N. and Morton, April M. and Hilliard, Michael R. and White, Devin A. and Stewart, Robert N.},
  journal={Transportation},
  volume={45},
  number={5},
  pages={1207--1229},
  year={2018},
  publisher={Springer},
  doi={10.1007/s11116-017-9760-8}
}


@inproceedings{barrett2008episimdemics,
  title={{EpiSimdemics: an efficient algorithm for simulating the spread of infectious disease over large realistic social networks}},
  author={Barrett, Christopher L. and Bisset, Keith R. and Eubank, Stephen G. and Feng, Xizhou and Marathe, Madhav V.},
  booktitle={SC'08: Proceedings of the 2008 ACM/IEEE Conference on Supercomputing},
  pages={1--12},
  year={2008},
  organization={IEEE},
  doi={10.1109/SC.2008.5214892}
}


@article{ballas2006using,
  title={Using geographical information systems and spatial microsimulation for the analysis of health inequalities},
  author={Ballas, Dimitris and Clarke, Graham and Dorling, Danny and Rigby, Jan and Wheeler, Ben},
  journal={Health Informatics Journal},
  volume={12},
  number={1},
  pages={65--79},
  year={2006},
  publisher={Sage Publications Sage CA: Thousand Oaks, CA},
  doi={10.1177/1460458206061217}
}


@article{basra2017community,
  title={Community-engaged modeling of geographic and demographic patterns of multiple public health risk factors},
  author={Basra, Komal and Fabian, M. Patricia and Holberger, Raymond R. and French, Robert and Levy, Jonathan I.},
  journal={International Journal of Environmental Research and Public Health},
  volume={14},
  number={7},
  pages={730},
  year={2017},
  publisher={Multidisciplinary Digital Publishing Institute},
  doi={10.3390/ijerph14070730}
}


@article{beckman1996creating,
  title={Creating synthetic baseline populations},
  author={Beckman, Richard J. and Baggerly, Keith A. and McKay, Michael D.},
  journal={Transportation Research Part A: Policy and Practice},
  volume={30},
  number={6},
  pages={415--429},
  year={1996},
  publisher={Elsevier},
  doi={10.1016/0965-8564(96)00004-3},
}


@article{boeing_osmnx_2017,
	title = {{OSMnx}: {New} methods for acquiring, constructing, analyzing, and visualizing complex street networks},
	volume = {65},
	issn = {0198-9715},
	shorttitle = {{OSMnx}},
	doi = {10.1016/j.compenvurbsys.2017.05.004},
	language = {en},
	urldate = {2022-05-20},
	journal = {Computers, Environment and Urban Systems},
	author = {Boeing, Geoff},
	month = sep,
	year = {2017},
	keywords = {Complex networks, GIS, OpenStreetMap, Python, Resilience, Street network, Transportation, Urban design, Urban form, Visualization},
	pages = {126--139},
}


@unpublished{brelsford2022NOPE,
  title={{Segmented Population Models: Improving the {LandScan USA} Non-Obligate Population Estimate ({NOPE})}},
  author={Brelsford, Christa and Moehl, Jessica J. and Weber, Eric M., and Rose, Amy N.},
  year={2022},
  note={American Association of Geographers 2022 Annual Meeting}
}


@article{cao2009new,
  title={A new initialization method for categorical data clustering},
  author={Cao, Fuyuan and Liang, Jiye and Bai, Liang},
  journal={Expert Systems with Applications},
  volume={36},
  number={7},
  pages={10223--10228},
  year={2009},
  publisher={Elsevier},
  doi={10.1016/j.eswa.2009.01.060}
}


@article{correia_solving_2008,
	title = {Solving the variable size bin packing problem with discretized formulations},
	volume = {35},
	issn = {03050548},
	doi = {10.1016/j.cor.2006.10.014},
	language = {en},
	number = {6},
	urldate = {2022-05-05},
	journal = {Computers \& Operations Research},
	author = {Correia, Isabel and Gouveia, Lu√≠s and Saldanha-da-Gama, Francisco},
	month = jun,
	year = {2008},
	pages = {2103--2113},
}


@Misc{devos2015,
  author = {Nelis J. de Vos},
  title = {kmodes categorical clustering library},
  howpublished = {\url{https://github.com/nicodv/kmodes}},
  year = {2015--2021}
}


@article{diaz2008health,
  title={{Health and economic impact of HPV 16 and 18 vaccination and cervical cancer screening in India}},
  author={Diaz, M. and Kim, J.J. and Albero, G. and De Sanjose, S. and Clifford, G. and Bosch, F.X. and Goldie, S.J.},
  journal={British Journal of Cancer},
  volume={99},
  number={2},
  pages={230--238},
  year={2008},
  publisher={Nature Publishing Group},
  doi={10.1038/sj.bjc.6604462}
}


@article{duque2012max,
  author={Duque, Juan C. and Anselin, Luc and Rey, Sergio J.},
  title={{THE MAX-P-REGIONS PROBLEM*}},
  journal={Journal of Regional Science},
  volume={52},
  number={3},
  pages={397--419},
  doi={10.1111/j.1467-9787.2011.00743.x},
  year={2012}
}

@misc{spopt2021,
    author    = {Feng, Xin, and Gaboardi, James D. and Knaap, Elijah and
                Rey, Sergio J. and Wei, Ran},
    month     = {jan},
    year      = {2021},
    title     = {{pysal/spopt}},
    url       = {https://github.com/pysal/spopt},
    doi       = {10.5281/zenodo.4444156},
}


@article{spopt2022,
    author    = {Feng, Xin and Barcelos, Germano and Gaboardi, James D. and
                Knaap, Elijah and Wei, Ran and Wolf, Levi J. and
                Zhao, Qunshan and Rey, Sergio J.},
    year      = {2022},
    title     = {{spopt: a python package for solving spatial optimization problems in PySAL}},
    journal   = {Journal of Open Source Software},
    publisher = {The Open Journal},
    volume    = {7},
    number    = {74},
    pages     = {3330},
    doi       = {10.21105/joss.03330},
}


@inproceedings{foti_generalized_2012,
	title = {A {Generalized} {Computational} {Framework} for {Accessibility}: {From} the {Pedestrian} to the {Metropolitan} {Scale}},
	language = {en},
	booktitle = {Transportation {Research} {Board} {Annual} {Conference}},
	author = {Foti, Fletcher and Waddell, Paul},
	year = {2012},
	pages = {1--14},
	url={https://onlinepubs.trb.org/onlinepubs/conferences/2012/4thITM/Papers-A/0117-000062.pdf},
}


@article{friesen_variable_1986,
	title = {Variable {Sized} {Bin} {Packing}},
	volume = {15},
	issn = {0097-5397, 1095-7111},
	doi = {10.1137/0215016},
	language = {en},
	number = {1},
	urldate = {2022-05-05},
	journal = {SIAM Journal on Computing},
	author = {Friesen, D.K. and Langston, M.A.},
	month = feb,
	year = {1986},
	pages = {222--230},
}


@article{Gaboardi2020a,
	title = {Connecting {Points} to {Spatial} {Networks}: {Effects} on {Discrete} {Optimization} {Models}},
	volume = {52},
	issn = {15384632},
	doi = {10.1111/gean.12211},
	number = {2},
	journal = {Geographical Analysis},
	author = {Gaboardi, James D. and Folch, David C. and Horner, Mark W.},
	year = {2020},
	pages = {299--322},
}


@misc{gaboardi_simulating_2022,
	title = {Simulating {Travel} to {Points} of {Interest} for {Demographically}-rich {Synthetic} {Populations}},
	urldate = {2022-05-25},
	author = {Gaboardi, James D. and Tuccillo, Joseph V.},
	month = feb,
	year = {2022},
	doi = {10.5281/zenodo.6335783},
	note = {American Association of Geographers Annual Meeting},
}


@Misc{shapely:shapely,
  author =    {Sean Gillies and others},
  title =     {Shapely: manipulation and analysis of geometric objects},
  year =      {2007--},
  url =       {https://github.com/shapely/shapely},
}


@article{gollini2015gwmodel,
  title={{GWmodel: An R package for exploring spatial heterogeneity using geographically weighted models}},
  author={Gollini, Isabella and Lu, Binbin and Charlton, Martin and Brunsdon, Christopher and Harris, Paul},
  journal={Journal of Statistical Software},
  volume={63},
  number={17},
  pages={1--50},
  year={2015},
  doi={10.18637/jss.v063.i17}
}


@InProceedings{SciPyProceedings_11,
  author =       {Aric A. Hagberg and Daniel A. Schult and Pieter J. Swart},
  title =        {{Exploring Network Structure, Dynamics, and Function using NetworkX}},
  booktitle =   {Proceedings of the 7th Python in Science Conference},
  pages =     {11 - 15},
  address = {Pasadena, CA USA},
  year =      {2008},
  editor =    {Ga\"el Varoquaux and Travis Vaught and Jarrod Millman},
  url = {https://www.osti.gov/biblio/960616}
}


@article{harland2012creating,
  title={Creating realistic synthetic populations at varying spatial scales: A comparative critique of population synthesis techniques},
  author={Harland, Kirk and Heppenstall, Alison and Smith, Dianna and Birkin, Mark H.},
  journal={Journal of Artificial Societies and Social Simulation},
  volume={15},
  number={1},
  pages={1},
  year={2012},
  doi={10.18564/jasss.1909}
}


@Article{         harris2020array,
 title         = {Array programming with {NumPy}},
 author        = {Charles R. Harris and K. Jarrod Millman and St{\'{e}}fan J.
                 van der Walt and Ralf Gommers and Pauli Virtanen and David
                 Cournapeau and Eric Wieser and Julian Taylor and Sebastian
                 Berg and Nathaniel J. Smith and Robert Kern and Matti Picus
                 and Stephan Hoyer and Marten H. van Kerkwijk and Matthew
                 Brett and Allan Haldane and Jaime Fern{\'{a}}ndez del
                 R{\'{i}}o and Mark Wiebe and Pearu Peterson and Pierre
                 G{\'{e}}rard-Marchant and Kevin Sheppard and Tyler Reddy and
                 Warren Weckesser and Hameer Abbasi and Christoph Gohlke and
                 Travis E. Oliphant},
 year          = {2020},
 month         = sep,
 journal       = {Nature},
 volume        = {585},
 number        = {7825},
 pages         = {357--362},
 doi           = {10.1038/s41586-020-2649-2},
 publisher     = {Springer Science and Business Media {LLC}},
}


@incollection{hewitt1997perspectives,
  author={Hewitt, Kenneth},
  title={{Vulnerability Perspectives: the Human Ecology of Endangerment}},
  booktitle={Regions of Risk: A Geographical Introduction to Disasters},
  chapter=6,
  pages={141-164},
  year={1997},
  publisher={Addison Wesley Longman}
}


@article{hitchcock_distribution_1941,
	title = {The {Distribution} of a {Product} from {Several} {Sources} to {Numerous} {Localities}},
	volume = {20},
	issn = {1467-9590},
	doi = {10.1002/sapm1941201224},
	language = {en},
	number = {1-4},
	urldate = {2022-05-23},
	journal = {Journal of Mathematics and Physics},
	author = {Hitchcock, Frank L.},
	year = {1941},
	pages = {224--230},
}


@article{hontelez2011potential,
  title={{The potential impact of RV144-like vaccines in rural South Africa: a study using the STDSIM microsimulation model}},
  author={Hontelez, Jan A.C. and Nagelkerke, Nico and B{\"a}rnighausen, Till and Bakker, Roel and Tanser, Frank and Newell, Marie-Louise and Lurie, Mark N. and Baltussen, Rob and de Vlas, Sake J.},
  journal={Vaccine},
  volume={29},
  number={36},
  pages={6100--6106},
  year={2011},
  publisher={Elsevier},
  doi={10.1016/j.vaccine.2011.06.059}
}


@Article{Hunter:2007,
  Author    = {Hunter, J. D.},
  Title     = {{Matplotlib: A 2D graphics environment}},
  Journal   = {Computing in Science \& Engineering},
  Volume    = {9},
  Number    = {3},
  Pages     = {90--95},
  abstract  = {Matplotlib is a 2D graphics package used for Python for
            application development, interactive scripting, and publication-quality
            image generation across user interfaces and operating systems.},
  publisher = {IEEE COMPUTER SOC},
  doi       = {10.1109/MCSE.2007.55},
  year      = 2007
}


@software{kelsey_jordahl_2021_5573592,
  author       = {Kelsey Jordahl and
                  Joris Van den Bossche and
                  Martin Fleischmann and
                  James McBride and
                  Jacob Wasserman and
                  Adrian Garcia Badaracco and
                  Jeffrey Gerard and
                  Alan D. Snow and
                  Jeff Tratner and
                  Matthew Perry and
                  Carson Farmer and
                  Geir Arne Hjelle and
                  Micah Cochran and
                  Sean Gillies and
                  Lucas Culbertson and
                  Matt Bartos and
                  Brendan Ward and
                  Giacomo Caria and
                  Mike Taves and
                  Nick Eubank and
                  sangarshanan and
                  John Flavin and
                  Matt Richards and
                  Sergio Rey and
                  maxalbert and
                  Aleksey Bilogur and
                  Christopher Ren and
                  Dani Arribas-Bel and
                  Daniel Mesejo-Le√≥n and
                  Leah Wasser},
  title        = {geopandas/geopandas: v0.10.2},
  month        = oct,
  year         = 2021,
  publisher    = {Zenodo},
  version      = {v0.10.2},
  doi          = {10.5281/zenodo.5573592},
}


@article{knapp_canonical_1978,
	title = {{Canonical Correlation Analysis: {A} general parametric significance-testing system}},
	volume = {85},
	issn = {1939-1455},
	shorttitle = {Canonical correlation analysis},
	doi = {10.1037/0033-2909.85.2.410},
	number = {2},
	journal = {Psychological Bulletin},
	author = {Knapp, Thomas R.},
	year = {1978},
	pages = {410--416},
}


@article{koopmans_optimum_1949,
	title = {Optimum {Utilization} of the {Transportation} {System}},
	volume = {17},
	issn = {0012-9682},
	doi = {10.2307/1907301},
	urldate = {2022-05-23},
	journal = {Econometrica},
	author = {Koopmans, Tjalling C.},
	year = {1949},
	note = {Publisher: [Wiley, Econometric Society]},
	pages = {136--146},
}


@article{leyk_maximum_2013,
	title = {Maximum {Entropy} {Dasymetric} {Modeling} for {Demographic} {Small} {Area} {Estimation}},
	volume = {45},
	issn = {00167363},
	shorttitle = {Maximum {Entropy} {Dasymetric} {Modeling} for {Demographic} {Small} {Area} {Estimation}},
	doi = {10.1111/gean.12011},
	language = {en},
	number = {3},
	urldate = {2022-05-05},
	journal = {Geographical Analysis},
	author = {Leyk, Stefan and Nagle, Nicholas N. and Buttenfield, Barbara P.},
	month = jul,
	year = {2013},
	pages = {285--306},
}


@article{lovelace_truncate_2013,
	title = {‚Äò{Truncate}, replicate, sample‚Äô: {A} method for creating integer weights for spatial microsimulation},
	volume = {41},
	issn = {01989715},
	shorttitle = {‚Äò{Truncate}, replicate, sample‚Äô},
	doi = {10.1016/j.compenvurbsys.2013.03.004},
	language = {en},
	urldate = {2022-05-05},
	journal = {Computers, Environment and Urban Systems},
	author = {Lovelace, Robin and Ballas, Dimitris},
	month = sep,
	year = {2013},
	pages = {1--11},
}


@InProceedings{mckinney-proc-scipy-2010,
  author    = {{W}es {M}c{K}inney},
  title     = {{D}ata {S}tructures for {S}tatistical {C}omputing in {P}ython},
  booktitle = {{P}roceedings of the 9th {P}ython in {S}cience {C}onference},
  pages     = {56 - 61},
  year      = {2010},
  editor    = {{S}t\'efan van der {W}alt and {J}arrod {M}illman},
  doi       = {10.25080/Majora-92bf1922-00a}
}


@book{miller_geographic_2001,
	address = {New York},
	title = {Geographic {Information} {Systems} for {Transportation}: {Principles} and {Applications}},
	publisher = {Oxford University Press},
	author = {Miller, Harvey J. and Shaw, Shih-Lung},
	year = {2001},
}

@article{miller_geographic_2015,
	title = {Geographic {Information} {Systems} for {Transportation} in the 21st {Century}},
	volume = {9},
	issn = {1749-8198},
	doi = {10.1111/gec3.12204},
	language = {en},
	number = {4},
	urldate = {2022-05-23},
	journal = {Geography Compass},
	author = {Miller, Harvey J. and Shaw, Shih-Lung},
	year = {2015},
	pages = {180--189},
}


@techreport{mitchell_pulp_2011,
	title = {{PuLP}: {A} {Linear} {Programming} {Toolkit} for {Python}},
	language = {en},
	author = {Mitchell, Stuart and O‚ÄôSullivan, Michael and Dunning, Iain},
	year = {2011},
	pages = {12},
	url={https://www.dit.uoi.gr/e-class/modules/document/file.php/216/PAPERS/2011.%20PuLP%20-%20A%20Linear%20Programming%20Toolkit%20for%20Python.pdf},
}


@article{morrissey2008examining,
  title={{Examining access to GP services in rural Ireland using microsimulation analysis}},
  author={Morrissey, Karyn and Clarke, Graham and Ballas, Dimitris and Hynes, Stephen and O'Donoghue, Cathal},
  journal={Area},
  volume={40},
  number={3},
  pages={354--364},
  year={2008},
  publisher={Wiley Online Library},
  doi={10.1111/j.1475-4762.2008.00844.x}
}


@inproceedings{morton2017simulation,
  title={A simulation approach for modeling high-resolution daytime commuter travel flows and distributions of worker subpopulations},
  author={Morton, April M. and Piburn, Jesse O. and Nagle, Nicholas N. and Aziz, H.M. and Duchscherer, Samantha E. and Stewart, Robert N.},
  booktitle={{GeoComputation 2017, Leeds, UK}},
  pages={1--5},
  year={2017},
  url={http://www.geocomputation.org/2017/papers/44.pdf},
}


@incollection{morton2017hybrid,
  title={A hybrid dasymetric and machine learning approach to high-resolution residential electricity consumption modeling},
  author={Morton, April M. and Nagle, Nicholas N. and Piburn, Jesse O. and Stewart, Robert N. and McManamay, Ryan},
  booktitle={Advances in Geocomputation},
  pages={47--58},
  year={2017},
  publisher={Springer},
  doi={10.1007/978-3-319-22786-3_5}
}


@article{nagle2014dasymetric,
  title={Dasymetric modeling and uncertainty},
  author={Nagle, Nicholas N. and Buttenfield, Barbara P. and Leyk, Stefan and Spielman, Seth},
  journal={Annals of the Association of American Geographers},
  volume={104},
  number={1},
  pages={80--95},
  year={2014},
  publisher={Taylor \& Francis},
  doi={10.1080/00045608.2013.843439}
}


@article{ng2007impact,
  title={On the impact of dissimilarity measure in k-modes clustering algorithm},
  author={Ng, Michael K. and Li, Mark Junjie and Huang, Joshua Zhexue and He, Zengyou},
  journal={IEEE Transactions on Pattern Analysis and Machine Intelligence},
  volume={29},
  number={3},
  pages={503--507},
  year={2007},
  publisher={IEEE},
  doi={10.1109/TPAMI.2007.53}
}


@article{nurhonen2013pneumococcal,
  title={Pneumococcal transmission and disease in silico: a microsimulation model of the indirect effects of vaccination},
  author={Nurhonen, Markku and Cheng, Allen C. and Auranen, Kari},
  journal={PloS one},
  volume={8},
  number={2},
  pages={e56079},
  year={2013},
  publisher={Public Library of Science},
  doi={10.1371/journal.pone.0056079}
}


@article{scikit-learn,
   title={{Scikit-learn: Machine Learning in {P}ython}},
   author={Pedregosa, F. and Varoquaux, G. and Gramfort, A. and Michel, V.
           and Thirion, B. and Grisel, O. and Blondel, M. and Prettenhofer, P.
           and Weiss, R. and Dubourg, V. and Vanderplas, J. and Passos, A. and
           Cournapeau, D. and Brucher, M. and Perrot, M. and Duchesnay, E.},
   journal={Journal of Machine Learning Research},
   volume={12},
   pages={2825--2830},
   year={2011},
   url={https://www.jmlr.org/papers/v12/pedregosa11a.html},
}


@article{qiu_areal_2013,
	title = {Areal {Interpolation} and {Dasymetric} {Modeling}: {Areal} {Interpolation} and {Dasymetric} {Modeling}},
	volume = {45},
	issn = {00167363},
	shorttitle = {Areal {Interpolation} and {Dasymetric} {Modeling}},
	doi = {10.1111/gean.12016},
	language = {en},
	number = {3},
	urldate = {2022-05-29},
	journal = {Geographical Analysis},
	author = {Qiu, Fang and Cromley, Robert},
	month = jul,
	year = {2013},
	pages = {213--215},
}


@software{reback2020pandas,
    author       = {{The pandas development team}},
    title        = {{pandas-dev/pandas: Pandas}},
    month        = feb,
    year         = 2020,
    publisher    = {Zenodo},
    version      = {latest},
    doi          = {10.5281/zenodo.3509134},
}


@article{reddy2021cost,
  title={{Cost-effectiveness of public health strategies for COVID-19 epidemic control in South Africa: a microsimulation modelling study}},
  author={Reddy, Krishna P. and Shebl, Fatma M. and Foote, Julia H.A. and Harling, Guy and Scott, Justine A. and Panella, Christopher and Fitzmaurice, Kieran P. and Flanagan, Clare and Hyle, Emily P. and Neilan, Anne M. and others},
  journal={The Lancet Global Health},
  volume={9},
  number={2},
  pages={e120--e129},
  year={2021},
  publisher={Elsevier},
  doi={10.1016/S2214-109X(20)30452-6}
}


@article{pysal2007,
  author={Sergio J. Rey and Luc Anselin},
  title={{PySAL: A Python Library of Spatial Analytical Methods}},
  journal={The Review of Regional Studies},
  year=2007,
  volume={37},
  number={1},
  pages={5-27},
  doi={10.52324/001c.8285},
  url={https://rrs.scholasticahq.com/article/8285.pdf}
}


@article{pysal2021,
  author={Rey, Sergio J. and Anselin, Luc and Amaral, Pedro and Arribas-Bel, Dani and Cortes, Renan Xavier and Gaboardi, James David and Kang, Wei and Knaap, Elijah and Li, Ziqi and Lumnitz, Stefanie and Oshan, Taylor M. and Shao, Hu and Wolf, Levi John},
  title={{The PySAL Ecosystem: Philosophy and Implementation}},
  journal={Geographical Analysis},
  year={2021},
  doi={10.1111/gean.12276},
}


@techreport{rose2017landscan,
  title={{LandScan USA 2016 [Data set]}},
  author={Rose, Amy N. and Weber, Eric M. and Moehl, Jessica J. and Laverdiere, Melanie L. and Yang, Hsiu-Han and Whitehead, Matthew C. and Sims, Kelly M. and Trombley, Nathan E. and Bhaduri, Budhendra L.},
  year={2017},
  institution={Oak Ridge National Laboratory},
  doi={10.48690/1523377}
}


@article{sander2009economic,
  title={{Economic evaluation of influenza pandemic mitigation strategies in the United States using a stochastic microsimulation transmission model}},
  author={Sander, Beate and Nizam, Azhar and Garrison Jr., Louis P. and Postma, Maarten J. and Halloran, M. Elizabeth and Longini Jr., Ira M.},
  journal={Value in Health},
  volume={12},
  number={2},
  pages={226--233},
  year={2009},
  publisher={Elsevier},
  doi={10.1111/j.1524-4733.2008.00437.x}
}


@techreport{santos_mixed_2020,
	title = {Mixed {Integer} {Linear} {Programming} with {Python}},
	language = {en},
	author = {Santos, Haroldo G. and Toffolo, T√∫lio A.M.},
	year = {2020},
	pages = {73},
	url={https://python-mip.readthedocs.io/_/downloads/en/latest/pdf/},
}


@article{smith2011can,
  title={{Can a deterministic spatial microsimulation model provide reliable small-area estimates of health behaviours? An example of smoking prevalence in New Zealand}},
  author={Smith, Dianna M. and Pearce, Jamie R. and Harland, Kirk},
  journal={Health \& Place},
  volume={17},
  number={2},
  pages={618--624},
  year={2011},
  publisher={Elsevier},
  doi={10.1016/j.healthplace.2011.01.001}
}


@inproceedings{swarup2014computational,
  title={Computational epidemiology as a challenge domain for multiagent systems},
  author={Swarup, Samarth and Eubank, Stephen G. and Marathe, Madhav V.},
  booktitle={Proceedings of the 2014 international conference on Autonomous agents and multi-agent systems},
  pages={1173--1176},
  year={2014},
  url={https://www.ifaamas.org/AAMAS/aamas2014/proceedings/aamas/p1173.pdf}
}


@article{templ2017simulation,
  title={{Simulation of synthetic complex data: The R package simPop}},
  author={Templ, Matthias and Meindl, Bernhard and Kowarik, Alexander and Dupriez, Olivier},
  journal={Journal of Statistical Software},
  volume={79},
  pages={1--38},
  year={2017},
  doi={10.18637/jss.v079.i10}
}


@inproceedings{thakur2015planetsense,
  title={{PlanetSense: a real-time streaming and spatio-temporal analytics platform for gathering geo-spatial intelligence from open source data}},
  author={Thakur, Gautam S. and Bhaduri, Budhendra L. and Piburn, Jesse O. and Sims, Kelly M. and Stewart, Robert N. and Urban, Marie L.},
  booktitle={Proceedings of the 23rd SIGSPATIAL International Conference on Advances in Geographic Information Systems},
  pages={1--4},
  year={2015},
  doi={10.1145/2820783.2820882}
}


@article{tomintz2008geography,
  title={{The geography of smoking in Leeds: estimating individual smoking rates and the implications for the location of stop smoking services}},
  author={Tomintz, Melanie N. and Clarke, Graham P. and Rigby, Janette E.},
  journal={Area},
  volume={40},
  number={3},
  pages={341--353},
  year={2008},
  publisher={Wiley Online Library},
  doi={10.1111/j.1475-4762.2008.00837.x}
}


@misc{tuccillo_joseph_v_2022_6607533,
  author       = {Tuccillo, Joseph V. and
                  Gaboardi, James D.},
  title        = {{Connecting Vivid Population Data to Human Dynamics}},
  month        = jun,
  year         = 2022,
  doi          = {10.5281/zenodo.6607533},
  urldate      = {2022-06-03},
  note         = {{Distilling Diversity by Tapping High-Resolution Population and Survey Data}},
}


@misc{joe_tuccillo_2021_6672291,
  author       = {Tuccillo, Joseph V. and Moehl, Jessica},
  title        = {{An Individual-Oriented Typology of Social Areas in the United States}},
  month        = May,
  year         = 2021,
  publisher    = {Zenodo},
  doi          = {10.5281/zenodo.6672291},
  note = {{2021 ACS Data Users Conference}},
}


@inproceedings{tuccillo2021individual,
  title={{An Individual-Centered Approach for Geodemographic Classification}},
  booktitle={11th International Conference on Geographic Information Science 2021 Short Paper Proceedings},
  author={Tuccillo, Joseph V.},
  pages={1--6},
  year={2021},
  doi={10.25436/E2H59M}
}


@ARTICLE{2020SciPy-NMeth,
  author  = {Virtanen, Pauli and Gommers, Ralf and Oliphant, Travis E. and
            Haberland, Matt and Reddy, Tyler and Cournapeau, David and
            Burovski, Evgeni and Peterson, Pearu and Weckesser, Warren and
            Bright, Jonathan and {van der Walt}, St{\'e}fan J. and
            Brett, Matthew and Wilson, Joshua and Millman, K. Jarrod and
            Mayorov, Nikolay and Nelson, Andrew R. J. and Jones, Eric and
            Kern, Robert and Larson, Eric and Carey, C.J. and
            Polat, {\.I}lhan and Feng, Yu and Moore, Eric W. and
            {VanderPlas}, Jake and Laxalde, Denis and Perktold, Josef and
            Cimrman, Robert and Henriksen, Ian and Quintero, E.A. and
            Harris, Charles R. and Archibald, Anne M. and
            Ribeiro, Ant{\^o}nio H. and Pedregosa, Fabian and
            {van Mulbregt}, Paul and {SciPy 1.0 Contributors}},
  title   = {{{SciPy} 1.0: Fundamental Algorithms for Scientific
            Computing in Python}},
  journal = {Nature Methods},
  year    = {2020},
  volume  = {17},
  pages   = {261--272},
  adsurl  = {https://rdcu.be/b08Wh},
  doi     = {10.1038/s41592-019-0686-2},
}


@article{wei2021,
    author = {Wei, Ran and Rey, Sergio J. and Knaap, Elijah},
    title = {Efficient regionalization for spatially explicit neighborhood delineation},
    journal = {International Journal of Geographical Information Science},
    volume = {35},
    number = {1},
    pages = {135--151},
    year = {2021},
    doi = {10.1080/13658816.2020.1759806},
}


@article{wheaton2009synthesized,
  title={{Synthesized population databases: A US geospatial database for agent-based models}},
  author={Wheaton, William D. and Cajka, James C. and Chasteen, Bernadette M. and Wagener, Diane K. and Cooley, Philip C. and Ganapathi, Laxminarayana and Roberts, Douglas J. and Allpress, Justine L.},
  journal={Methods report (RTI Press)},
  volume={2009},
  number={10},
  pages={905},
  year={2009},
  publisher={NIH Public Access},
  doi={10.3768/rtipress.2009.mr.0010.0905}
}


@article{zhu2014synthetic,
  title={Synthetic population generation at disaggregated spatial scales for land use and transportation microsimulation},
  author={Zhu, Yi and Ferreira Jr., Joseph},
  journal={Transportation Research Record},
  volume={2429},
  number={1},
  pages={168--177},
  year={2014},
  publisher={SAGE Publications Sage CA: Los Angeles, CA},
  doi={10.3141/2429-18}
}

