
@InProceedings{ prabhu_ramachandran_fossee-proc-scipy-2016,
  author    = { {P}rabhu {R}amachandran },
  title     = { {S}preading the {A}doption of {P}ython in {I}ndia: the {F}{O}{S}{S}{E}{E} {P}ython {P}roject },
  booktitle = { {P}roceedings of the 15th {P}ython in {S}cience {C}onference },
  pages     = { 114 - 121 },
  year      = { 2016 },
  editor    = { {S}ebastian {B}enthall and {S}cott {R}ostrup },
  doi       = { 10.25080/Majora-629e541a-010 }
}
