
@InProceedings{ alejandro_weinstein-proc-scipy-2012,
  author    = { {A}lejandro {W}einstein and {M}ichael {W}akin },
  title     = { {A} {T}ale of {F}our {L}ibraries },
  booktitle = { {P}roceedings of the 11th {P}ython in {S}cience {C}onference },
  pages     = { 11 - 15 },
  year      = { 2012 },
  editor    = { {A}ron {A}hmadia and {J}arrod {M}illman and {S}t\'efan van der {W}alt },
  doi       = { 10.25080/Majora-54c7f2c8-002 }
}
