
@article{hoskinsKaroly1981,
	title = {The steady linear response of a spherical atmosphere to thermal and orographic forcing},
	volume = {38},
	number = {6},
	journal = {Journal of the Atmospheric Sciences},
	author = {Hoskins, B. J. and Karoly, D. J.},
	year = {1981},
	pages = {1179--1196},
}


@article{neelinQuasiequilibrium2000,
	title = {A {Quasi}-{Equilibrium} {Tropical} {Circulation} {Model}-{Formulation}},
	volume = {57},
	number = {11},
	urldate = {2015-05-08},
	journal = {Journal of the atmospheric sciences},
	author = {Neelin, J. D. and Zeng, N.},
	year = {2000},
	pages = {1741--1766}
}



@article{heldModelHierarchy2005,
	title = {The {Gap} between {Simulation} and {Understanding} in {Climate} {Modeling}},
	volume = {86},
	number = {11},
	journal = {Bulletin of the American Meteorological Society},
	author = {Held, I. M.},
	month = nov,
	year = {2005},
	pages = {1609--1614},
}



@article{heldSuarez1994,
	title = {A {Proposal} for the {Intercomparison} of the {Dynamical} {Cores} of {Atmospheric} {General} {Circulation} {Models}},
	volume = {75},
	number = {10},
	urldate = {2014-12-12},
	author = {Held, I. M. and Suarez, M. J.},
	month = oct,
	year = {1994},
	pages = {1825--1830},
}

@article{schneiderTropopause2004,
	title = {The {Tropopause} and the {Thermal} {Stratification} in the {Extratropics} of a {Dry} {Atmosphere}},
	volume = {61},
	number = {12},
	journal = {Journal of the Atmospheric Sciences},
	author = {Schneider, T.},
	month = jun,
	year = {2004},
	pages = {1317--1340},
}


@article{friersonMoistGrayGCM2006,
	title = {A {Gray}-{Radiation} {Aquaplanet} {Moist} {GCM}. {Part} {I}: {Static} {Stability} and {Eddy} {Scale}},
	volume = {63},
	shorttitle = {A {Gray}-{Radiation} {Aquaplanet} {Moist} {GCM}. {Part} {I}},
	number = {10},
	urldate = {2015-07-17},
	journal = {Journal of the Atmospheric Sciences},
	author = {Frierson, D. M. W. and Held, I. M. and Zurita-Gotor, P.},
	month = oct,
	year = {2006},
	pages = {2548--2566},
}


@article{caballeroAxisymmetricRadConv2008,
	title = {Axisymmetric, nearly inviscid circulations in non-condensing radiative-convective atmospheres},
	volume = {134},
	number = {634},
	journal = {Quarterly Journal of the Royal Meteorological Society},
	author = {Caballero, R. and Pierrehumbert, R. T. and Mitchell, J. L.},
	month = jul,
	year = {2008},
	pages = {1269--1285},
}


@article{heldHou1980,
	title = {Nonlinear {Axially} {Symmetric} {Circulations} in a {Nearly} {Inviscid} {Atmosphere}},
	volume = {37},
	number = {3},
	journal = {Journal of the Atmospheric Sciences},
	author = {Held, I. M. and Hou, A. Y.},
	month = mar,
	year = {1980},
	pages = {515--533},
}


@article{mitchellTitanMethane2009,
	title = {The impact of methane thermodynamics on seasonal convection and circulation in a model {Titan} atmosphere},
	volume = {203},
	number = {1},
	journal = {Icarus},
	author = {Mitchell, J. L. and Pierrehumbert, R. T. and Frierson, D. M.W. and Caballero, R.},
	month = sep,
	year = {2009},
	pages = {250--264},
}


@article{marshallAquaplanet2007,
	title = {Mean {Climate} and {Variability} of the {Atmosphere} and {Ocean} on an {Aquaplanet}},
	volume = {64},
	number = {12},
	journal = {Journal of the Atmospheric Sciences},
	author = {Marshall, J. and Ferreira, D. and Campin, J-M. and Enderton, D.},
	month = dec,
	year = {2007},
	pages = {4270--4286},
}


@article{caballeroHuber2013,
	title = {State-dependent climate sensitivity in past warm climates and its implications for future climate projections},
	volume = {110},
	language = {en},
	number = {35},
	journal = {Proceedings of the National Academy of Sciences},
	author = {Caballero, R. and Huber, M.},
	month = aug,
	year = {2013},
	pmid = {23918397},
	pages = {14162--14167},
}

@article{rosingetal2010,
	title = {No climate paradox under the faint early {Sun}},
	volume = {464},
	number = {7289},
	journal = {Nature},
	author = {Rosing, M. T. and Bird, D. K. and Sleep, N. H. and Bjerrum, C. J.},
	month = apr,
	year = {2010},
	pages = {744--747},
}


@book{pierrehumbertBook2010,
	title = {Principles of planetary climate},
	publisher = {Cambridge University Press},
	author = {Pierrehumbert, R. T.},
	year = {2010},
}
