
@InProceedings{ joy_monteiro-proc-scipy-2016,
  author    = { {J}oy {M}erwin {M}onteiro and {R}odrigo {C}aballero },
  title     = { {T}he {C}limate {M}odelling {T}oolkit },
  booktitle = { {P}roceedings of the 15th {P}ython in {S}cience {C}onference },
  pages     = { 69 - 74 },
  year      = { 2016 },
  editor    = { {S}ebastian {B}enthall and {S}cott {R}ostrup },
  doi       = { 10.25080/Majora-629e541a-00a }
}
