@Proceedings{ proc-scipy-2015,
  title     = { Proceedings of the 14th Python in Science Conference },
  booktitle = { Proceedings of the 14th Python in Science Conference },
  year      = { 2015 },
  editor    = { Kathryn Huff and James Bergstra },
  isbn      = { noisbn }
}
