
@InProceedings{ ryan_bunney-proc-scipy-2020,
  author    = { {R}yan {W}. {B}unney and {A}ndreas {W}icenec and {M}ark {R}eynolds },
  title     = { {S}{H}{A}{D}{O}{W}: {A} workflow scheduling algorithm reference and testing framework },
  booktitle = { {P}roceedings of the 19th {P}ython in {S}cience {C}onference },
  pages     = { 148 - 155 },
  year      = { 2020 },
  editor    = { {M}eghann {A}garwal and {C}hris {C}alloway and {D}illon {N}iederhut and {D}avid {S}hupe },
  doi       = { 10.25080/Majora-342d178e-014 }
}
