
@InProceedings{ scott_james-proc-scipy-2015,
  author    = { {S}cott {J}ames and {J}ames {L}arkin },
  title     = { {R}elation: {T}he {M}issing {C}ontainer },
  booktitle = { {P}roceedings of the 14th {P}ython in {S}cience {C}onference },
  pages     = { 171 - 174 },
  year      = { 2015 },
  editor    = { {K}athryn {H}uff and {J}ames {B}ergstra },
  doi       = { 10.25080/Majora-7b98e3ed-01a }
}
