
@InProceedings{ matthew_craig-proc-scipy-2015,
  author    = { {M}atthew {C}raig },
  title     = { {W}idgets and {A}stropy: {A}ccomplishing {P}roductive {R}esearch with {U}ndergraduates },
  booktitle = { {P}roceedings of the 14th {P}ython in {S}cience {C}onference },
  pages     = { 121 - 125 },
  year      = { 2015 },
  editor    = { {K}athryn {H}uff and {J}ames {B}ergstra },
  doi       = { 10.25080/Majora-7b98e3ed-012 }
}
