@Proceedings{ proc-scipy-2022,
  title     = { Proceedings of the 21st Python in Science Conference },
  booktitle = { Proceedings of the 21st Python in Science Conference },
  year      = { 2022 },
  editor    = { Meghann Agarwal and Chris Calloway and Dillon Niederhut and David Shupe },
  isbn      = { noisbn }
}
