
@InProceedings{ starnes-proc-scipy-2011,
  author    = { {D}ouglas {A}. {S}tarnes },
  title     = { {G}oogle {A}pp {E}ngine {P}ython },
  booktitle = { {P}roceedings of the 10th {P}ython in {S}cience {C}onference },
  pages     = { 104 - 106 },
  year      = { 2011 },
  editor    = { {S}t\'efan van der {W}alt and {J}arrod {M}illman },
  doi       = { 10.25080/Majora-ebaa42b7-011 }
}
