
@InProceedings{ ralph_kube-proc-scipy-2020,
  author    = { {R}alph {K}ube and {R} {M}ichael {C}hurchill and {J}ong {Y}oul {C}hoi and {R}uonan {W}ang and {S}cott {K}lasky and {C}{S} {C}hang and {M}injun {J}. {C}hoi and {J}inseop {P}ark },
  title     = { {L}eading magnetic fusion energy science into the big-and-fast data lane },
  booktitle = { {P}roceedings of the 19th {P}ython in {S}cience {C}onference },
  pages     = { 140 - 147 },
  year      = { 2020 },
  editor    = { {M}eghann {A}garwal and {C}hris {C}alloway and {D}illon {N}iederhut and {D}avid {S}hupe },
  doi       = { 10.25080/Majora-342d178e-013 }
}
