
@InProceedings{ nick_bray-proc-scipy-2011,
  author    = { {N}ick {B}ray },
  title     = { {P}y{S}tream: {C}ompiling {P}ython onto the {G}{P}{U} },
  booktitle = { {P}roceedings of the 10th {P}ython in {S}cience {C}onference },
  pages     = { 87 - 90 },
  year      = { 2011 },
  editor    = { {S}t\'efan van der {W}alt and {J}arrod {M}illman },
  doi       = { 10.25080/Majora-ebaa42b7-00e }
}
