
@InProceedings{ bryan_weber-proc-scipy-2016,
  author    = { {B}ryan {W}. {W}eber and {C}hih-{J}en {S}ung },
  title     = { {U}{C}onn{R}{C}{M}{P}y: {P}ython-based data analysis for {R}apid {C}ompression {M}achines },
  booktitle = { {P}roceedings of the 15th {P}ython in {S}cience {C}onference },
  pages     = { 36 - 44 },
  year      = { 2016 },
  editor    = { {S}ebastian {B}enthall and {S}cott {R}ostrup },
  doi       = { 10.25080/Majora-629e541a-005 }
}
