
@InProceedings{ ben_lasscock-proc-scipy-2016,
  author    = { {B}en {L}asscock },
  title     = { {G}eneralized earthquake classification },
  booktitle = { {P}roceedings of the 15th {P}ython in {S}cience {C}onference },
  pages     = { 20 - 26 },
  year      = { 2016 },
  editor    = { {S}ebastian {B}enthall and {S}cott {R}ostrup },
  doi       = { 10.25080/Majora-629e541a-003 }
}
