
@InProceedings{ krishnan-proc-scipy-2013,
  author    = { {H}ari {K}rishnan and {C}yrus {H}arrison and {B}rad {W}hitlock and {D}avid {P}ugmire and {H}ank {C}hilds },
  title     = { {E}xploring {C}ollaborative {H}{P}{C} {V}isualization {W}orkflows using {V}is{I}t and {P}ython },
  booktitle = { {P}roceedings of the 12th {P}ython in {S}cience {C}onference },
  pages     = { 65 - 69 },
  year      = { 2013 },
  editor    = { {S}t\'efan van der {W}alt and {J}arrod {M}illman and {K}aty {H}uff },
  doi       = { 10.25080/Majora-8b375195-00b }
}
