
@InProceedings{ seabold-proc-scipy-2010,
  author    = { {S}kipper {S}eabold and {J}osef {P}erktold },
  title     = { {S}tatsmodels: {E}conometric and {S}tatistical {M}odeling with {P}ython },
  booktitle = { {P}roceedings of the 9th {P}ython in {S}cience {C}onference },
  pages     = { 92 - 96 },
  year      = { 2010 },
  editor    = { {S}t\'efan van der {W}alt and {J}arrod {M}illman },
  doi       = { 10.25080/Majora-92bf1922-011 }
}
