
@InProceedings{ paul_miles-proc-scipy-2019,
  author    = { {P}aul {R}. {M}iles and {R}alph {C}. {S}mith },
  title     = { {P}arameter {E}stimation {U}sing the {P}ython {P}ackage pymcmcstat },
  booktitle = { {P}roceedings of the 18th {P}ython in {S}cience {C}onference },
  pages     = { 93 - 100 },
  year      = { 2019 },
  editor    = { {C}hris {C}alloway and {D}avid {L}ippa and {D}illon {N}iederhut and {D}avid {S}hupe },
  doi       = { 10.25080/Majora-7ddc1dd1-00d }
}
