
@InProceedings{ geoffrey_poore-proc-scipy-2019,
  author    = { {G}eoffrey {M}. {P}oore },
  title     = { {C}odebraid: {L}ive {C}ode in {P}andoc {M}arkdown },
  booktitle = { {P}roceedings of the 18th {P}ython in {S}cience {C}onference },
  pages     = { 54 - 61 },
  year      = { 2019 },
  editor    = { {C}hris {C}alloway and {D}avid {L}ippa and {D}illon {N}iederhut and {D}avid {S}hupe },
  doi       = { 10.25080/Majora-7ddc1dd1-008 }
}
