@misc{cite_panel,
  title = {Panel},
  howpublished = {\url{https://www.panel.org}}
}

@misc{cite_pyuit,
  title = {PyUIT},
  howpublished = {\url{https://github.com/erdc/pyuit}}
}
