
@InProceedings{ brett_naul-proc-scipy-2016,
  author    = { {B}rett {N}aul and {S}t\'efan van der {W}alt and {A}rien {C}rellin-{Q}uick and {J}oshua {S}. {B}loom and {F}ernando {P}\'erez },
  title     = { cesium: {O}pen-{S}ource {P}latform for {T}ime-{S}eries {I}nference },
  booktitle = { {P}roceedings of the 15th {P}ython in {S}cience {C}onference },
  pages     = { 27 - 35 },
  year      = { 2016 },
  editor    = { {S}ebastian {B}enthall and {S}cott {R}ostrup },
  doi       = { 10.25080/Majora-629e541a-004 }
}
