@inproceedings{scu2014,
  title = {Machine Learning: The High Interest Credit Card of Technical Debt},
  author  = {D. Sculley and Gary Holt and Daniel Golovin and Eugene Davydov and Todd Phillips and Dietmar Ebner and Vinay Chaudhary and Michael Young},
  year  = 2014,
  booktitle = {SE4ML: Software Engineering for Machine Learning (NIPS 2014 Workshop)}
}

@article{lsst2009,
  title={LSST Science Book, Version 2.0},
  author={Abell, Paul A and Allison, Julius and Anderson, Scott F and Andrew, John R and Angel, J Roger P and Armus, Lee and Arnett, David and Asztalos, SJ and Axelrod, Tim S and Bailey, Stephen and others},
  journal={arXiv preprint arXiv:0912.0201},
  year={2009}
}

@article{perlmutter1999,
  title={Measurements of $\Omega$ and $\Lambda$ from 42 high-redshift supernovae},
  author={Perlmutter, Saul and Aldering, G and Goldhaber, G and Knop, RA and Nugent, P and Castro, PG and Deustua, S and Fabbro, S and Goobar, A and Groom, DE and others},
  journal={The Astrophysical Journal},
  volume={517},
  number={2},
  pages={565},
  year={1999},
  publisher={IOP Publishing}
}

@article{riess1998,
  title={Observational evidence from supernovae for an accelerating universe and a cosmological constant},
  author={Riess, Adam G and Filippenko, Alexei V and Challis, Peter and Clocchiatti, Alejandro and Diercks, Alan and Garnavich, Peter M and Gilliland, Ron L and Hogan, Craig J and Jha, Saurabh and Kirshner, Robert P and others},
  journal={The Astronomical Journal},
  volume={116},
  number={3},
  pages={1009},
  year={1998},
  publisher={IOP Publishing}
}

@article{richards2012,
  title={Construction of a calibrated probabilistic classification catalog: Application to 50k variable sources in the all-sky automated survey},
  author={Richards, Joseph W and Starr, Dan L and Miller, Adam A and Bloom, Joshua S and Butler, Nathaniel R and Brink, Henrik and Crellin-Quick, Arien},
  journal={The Astrophysical Journal Supplement Series},
  volume={203},
  number={2},
  pages={32},
  year={2012},
  publisher={IOP Publishing}
}

@article{lotte2007,
  title={{A review of classification algorithms for EEG-based brain--computer interfaces}},
  author={Lotte, Fabien and Congedo, Marco and L{\'e}cuyer, Anatole and Lamarche, Fabrice and Arnaldi, Bruno},
  journal={Journal of neural engineering},
  volume={4},
  number={2},
  pages={R1},
  year={2007},
  publisher={IOP Publishing}
}

@article{perez2007,
  title={{IPython: a system for interactive scientific computing}},
  author={P{\'e}rez, Fernando and Granger, Brian E},
  journal={Computing in Science \& Engineering},
  volume={9},
  number={3},
  pages={21--29},
  year={2007},
  publisher={AIP Publishing}
}

@article{allen2009,
  title={The status of earthquake early warning around the world: An introductory overview},
  author={Allen, Richard M and Gasparini, Paolo and Kamigaichi, Osamu and B{\"o}se, Maren},
  journal={Seismological Research Letters},
  volume={80},
  number={5},
  pages={682--693},
  year={2009},
  publisher={GeoScienceWorld}
}

@article{brown2011,
  title={Development of the ElarmS methodology for earthquake early warning: Realtime application in California and offline testing in Japan},
  author={Brown, Holly M and Allen, Richard M and Hellweg, Margaret and Khainovski, Oleg and Neuhauser, Douglas and Souf, Adeline},
  journal={Soil Dynamics and Earthquake Engineering},
  volume={31},
  number={2},
  pages={188--200},
  year={2011},
  publisher={Elsevier}
}

@article{team2013,
  title={R: A language and environment for statistical computing},
  author={Team, R Core and others},
  year={2013},
  publisher={Vienna, Austria}
}

@article{pedregosa2011,
  title={{Scikit-learn: Machine learning in Python}},
  author={Pedregosa, Fabian and Varoquaux, Ga{\"e}l and Gramfort, Alexandre and Michel, Vincent and Thirion, Bertrand and Grisel, Olivier and Blondel, Mathieu and Prettenhofer, Peter and Weiss, Ron and Dubourg, Vincent and others},
  journal={Journal of Machine Learning Research},
  volume={12},
  number={Oct},
  pages={2825--2830},
  year={2011}
}

@article{bifet2010,
  title={Moa: Massive online analysis},
  author={Bifet, Albert and Holmes, Geoff and Kirkby, Richard and Pfahringer, Bernhard},
  journal={Journal of Machine Learning Research},
  volume={11},
  number={May},
  pages={1601--1604},
  year={2010}
}

@article{hall2009,
  title={The WEKA data mining software: an update},
  author={Hall, Mark and Frank, Eibe and Holmes, Geoffrey and Pfahringer, Bernhard and Reutemann, Peter and Witten, Ian H},
  journal={ACM SIGKDD explorations newsletter},
  volume={11},
  number={1},
  pages={10--18},
  year={2009},
  publisher={ACM}
}

@article{breiman2001,
  title={Random forests},
  author={Breiman, Leo},
  journal={Machine learning},
  volume={45},
  number={1},
  pages={5--32},
  year={2001},
  publisher={Springer}
}

@article{suykens1999,
  title={Least squares support vector machine classifiers},
  author={Suykens, Johan AK and Vandewalle, Joos},
  journal={Neural processing letters},
  volume={9},
  number={3},
  pages={293--300},
  year={1999},
  publisher={Springer}
}

@article{lomb1976,
  title={Least-squares frequency analysis of unequally spaced data},
  author={Lomb, Nicholas R},
  journal={Astrophysics and space science},
  volume={39},
  number={2},
  pages={447--462},
  year={1976},
  publisher={Springer}
}

@article{scargle1982,
  title={Studies in astronomical time series analysis. II-Statistical aspects of spectral analysis of unevenly spaced data},
  author={Scargle, Jeffrey D},
  journal={The Astrophysical Journal},
  volume={263},
  pages={835--853},
  year={1982}
}

@article{andrzejak2001,
author = {Andrzejak, Ralph G. and Lehnertz, Klaus and Mormann, Florian and Rieke, Christoph and David, Peter and Elger, Christian E.},
doi = {10.1103/PhysRevE.64.061907},
file = {:Users/brettnaul/Library/Application Support/Mendeley Desktop/Downloaded/Andrzejak et al. - 2001 - Indications of nonlinear deterministic and finite-dimensional structures in time series of brain electrical ac.pdf:pdf},
issn = {1063-651X},
journal = {Physical Review E},
number = {6},
pages = {061907},
title = {{Indications of nonlinear deterministic and finite-dimensional structures in time series of brain electrical activity: Dependence on recording region and brain state}},
volume = {64},
year = {2001}
}

@article{guo2011,
author = {Guo, Ling and Rivero, Daniel and Dorado, Juli{\'{a}}n and Munteanu, Cristian R. and Pazos, Alejandro},
doi = {10.1016/j.eswa.2011.02.118},
issn = {09574174},
journal = {Expert Systems with Applications},
keywords = {Discrete wavelet transform (DWT),EEG classification,Epilepsy,Feature extraction,Genetic programming,K-nearest neighbor classifier (KNN)},
number = {8},
pages = {10425--10436},
publisher = {Elsevier Ltd},
title = {{Automatic feature extraction using genetic programming: An application to epileptic EEG classification}},
volume = {38},
year = {2011}
}

@article{subasi2007,
  title={{EEG signal classification using wavelet feature extraction and a mixture of expert model}},
  author={Subasi, Abdulhamit},
  journal={Expert Systems with Applications},
  volume={32},
  number={4},
  pages={1084--1093},
  year={2007},
  publisher={Elsevier}
}

@book{hintjens2013,
  title={ZeroMQ: Messaging for Many Applications},
  author={Hintjens, Pieter},
  year={2013},
  publisher={" O'Reilly Media, Inc."}
}

@book{videla2012,
  title={RabbitMQ in action},
  author={Videla, Alvaro and Williams, Jason JW},
  year={2012},
  publisher={Manning}
}

@incollection{gackenheimer2015a,
  title={What Is React?},
  author={Gackenheimer, Cory},
  booktitle={Introduction to React},
  pages={1--20},
  year={2015},
  publisher={Springer}
}

@incollection{gackenheimer2015b,
  title={Introducing Flux: An Application Architecture for React},
  author={Gackenheimer, Cory},
  booktitle={Introduction to React},
  pages={87--106},
  year={2015},
  publisher={Springer}
}

@book{cesium,
  title={cesium: Open-Source Machine Learning for Time Series Analysis},
  author={cesium Team},
  year={2016},
  url={http://cesium.ml}
}

@article{docker,
  title={Docker: lightweight linux containers for consistent development and deployment},
  author={Merkel, Dirk},
  journal={Linux Journal},
  volume={2014},
  number={239},
  pages={2},
  year={2014},
  publisher={Belltown Media}
}

@misc{celery,
  title={Celery: Distributed Task Queue},
  author={Solem, Ask},
  year={2014},
  publisher={June},
  url={http://celeryproject.org}
}

@article{xarray,
 title={{xray: ND labeled arrays and datasets in Python}},
 author={Hoyer, S},
 url={http://github.com/xray/xray},
 year={2015}
}

@misc{flask,
    title={{Flask (A Python Microframework)}},
    author={Ronacher, Armin},
    year={2015},
    publisher={Flask}
}

@misc{ncedc,
    title={Northern California Earthquake Data Center},
    year={2013},
    url={http://ncedc.org/}
}
