
@InProceedings{ aero_nn_vila-proc-scipy-2019,
  author    = { {A}ndres {V}ila and {D}onna {B}ranchevsky and {K}yle {L}ogue and {S}ebastian {O}lsen and {E}steban {V}alles and {D}arren {S}emmen and {A}lex {U}tter and {E}ugene {G}rayver },
  title     = { {D}eep and {E}nsemble {L}earning to {W}in the {A}rmy {R}{C}{O} {A}{I} {S}ignal {C}lassification {C}hallenge },
  booktitle = { {P}roceedings of the 18th {P}ython in {S}cience {C}onference },
  pages     = { 21 - 26 },
  year      = { 2019 },
  editor    = { {C}hris {C}alloway and {D}avid {L}ippa and {D}illon {N}iederhut and {D}avid {S}hupe },
  doi       = { 10.25080/Majora-7ddc1dd1-003 }
}
