
@InProceedings{ jordi_torrents-proc-scipy-2015,
  author    = { {J}ordi {T}orrents and {F}abrizio {F}erraro },
  title     = { {S}tructural {C}ohesion: {V}isualization and {H}euristics for {F}ast {C}omputation with {N}etwork{X} and matplotlib },
  booktitle = { {P}roceedings of the 14th {P}ython in {S}cience {C}onference },
  pages     = { 67 - 76 },
  year      = { 2015 },
  editor    = { {K}athryn {H}uff and {J}ames {B}ergstra },
  doi       = { 10.25080/Majora-7b98e3ed-00b }
}
