
@InProceedings{ wiebe-proc-scipy-2014,
  author    = { {M}ark {W}iebe and {M}atthew {R}ocklin and {T}{J} {A}lumbaugh and {A}ndy {T}errel },
  title     = { {B}laze: {B}uilding {A} {F}oundation for {A}rray-{O}riented {C}omputing in {P}ython },
  booktitle = { {P}roceedings of the 13th {P}ython in {S}cience {C}onference },
  pages     = { 94 - 97 },
  year      = { 2014 },
  editor    = { {S}t\'efan van der {W}alt and {J}ames {B}ergstra },
  doi       = { 10.25080/Majora-14bd3278-00f }
}
