
@InProceedings{ compyle_pr_ab-proc-scipy-2020,
  author    = { {A}ditya {B}hosale and {P}rabhu {R}amachandran },
  title     = { {C}ompyle: a {P}ython package for parallel computing },
  booktitle = { {P}roceedings of the 19th {P}ython in {S}cience {C}onference },
  pages     = { 32 - 39 },
  year      = { 2020 },
  editor    = { {M}eghann {A}garwal and {C}hris {C}alloway and {D}illon {N}iederhut and {D}avid {S}hupe },
  doi       = { 10.25080/Majora-342d178e-005 }
}
