
@article{schroeder2015,
	title = {Interactive molecular dynamics},
	volume = {83},
	issn = {0002-9505},
	doi = "10.1119/1.4901185",
	number = {3},
	urldate = {2020-05-28},
	journal = {American Journal of Physics},
	author = {Schroeder, Daniel V.},
	month = feb,
	year = {2015},
	note = {Publisher: American Association of Physics Teachers},
	pages = {210--218},
}

@article{pysph2019,
  title={{PySPH}: a {Python-based} framework for smoothed particle hydrodynamics},
  author={Ramachandran, Prabhu and and Puri, Kunal and Bhosale, Aditya and
                  Adepu, Dinesh and Muta, Abhinav and Negi, Pawan and Govind,
                  Rahul and Sanka, Suraj and Pandey, Pankaj and Kaushik,
                  Chandrashekhar and Kumar, Anshuman and Sen, Ananyo and
                  Kaushik, Rohan and Patil, Mrinalgouda and Tavker, Deep and
                  Menon, Dileep and Kurapati, Vikas and Sebastian, Amal S and
                  Dutt, Arkopal and Agarwal, Arpit },
  journal={arXiv preprint arXiv:1909.04504},
  year={2019},
  url={https://arxiv.org/abs/1909.04504}
}

@InProceedings{pysph16,
  author    = {Prabhu Ramachandran},
  title     = {{PySPH}: a reproducible and high-performance framework for smoothed particle hydrodynamics },
  booktitle = { {P}roceedings of the 15th {P}ython in {S}cience {C}onference },
  pages     = { 127 - 135 },
  year      = { 2016 },
  editor    = { Sebastian Benthall and Scott Rostrup },
    doi = {10.25080/Majora-629e541a-011}
}

@techreport{blelloch90,
	author = "Guy~E. Blelloch",
	title = "Prefix Sums and Their Applications",
	institution = "School of Computer Science, Carnegie Mellon University",
	number = "CMU-CS-90-190",
	month = {November},
	year = {1990} }



@article{copperhead2011,
	title = {Copperhead: compiling an embedded data parallel language},
	volume = {46},
	issn = {0362-1340},
	shorttitle = {Copperhead},
	url = {https://doi.org/10.1145/2038037.1941562},
	doi = {10.1145/2038037.1941562},
	number = {8},
	urldate = {2020-06-05},
	journal = {ACM SIGPLAN Notices},
	author = {Catanzaro, Bryan and Garland, Michael and Keutzer, Kurt},
	month = feb,
	year = {2011},
	keywords = {data parallelism, gpu, python},
	pages = {47--56},
}


@article{md_opp_2015,
	title = {Opportunities in theoretical and computational polymeric materials and soft matter},
	volume = {11},
	issn = {1744-6848},
	url = {https://pubs.rsc.org/en/content/articlelanding/2015/sm/c4sm02344g},
	doi = {10.1039/C4SM02344G},
	number = {12},
	urldate = {2020-07-01},
	journal = {Soft Matter},
	author = {Liu, Andrea J. and Grest, Gary S. and Marchetti, M. Cristina and Grason, Gregory M. and Robbins, Mark O. and Fredrickson, Glenn H. and Rubinstein, Michael and Cruz, Monica Olvera de la},
	month = mar,
	year = {2015},
	note = {Publisher: The Royal Society of Chemistry},
	pages = {2326--2332},
}
