
@InProceedings{ will_barnes-proc-scipy-2017,
  author    = { {W}ill {T}. {B}arnes and {K}enneth {P}. {D}ere },
  title     = { {C}hianti{P}y: a {P}ython package for {A}strophysical {S}pectroscopy },
  booktitle = { {P}roceedings of the 16th {P}ython in {S}cience {C}onference },
  pages     = { 120 - 127 },
  year      = { 2017 },
  editor    = { {K}aty {H}uff and {D}avid {L}ippa and {D}illon {N}iederhut and {M} {P}acer },
  doi       = { 10.25080/shinma-7f4c6e7-011 }
}
