
@InProceedings{ mark_wickert_250-proc-scipy-2018,
  author    = { {M}ark {W}ickert },
  title     = { {R}eal-{T}ime {D}igital {S}ignal {P}rocessing {U}sing pyaudio\_helper and the ipywidgets },
  booktitle = { {P}roceedings of the 17th {P}ython in {S}cience {C}onference },
  pages     = { 91 - 98 },
  year      = { 2018 },
  editor    = { {F}atih {A}kici and {D}avid {L}ippa and {D}illon {N}iederhut and {M} {P}acer },
  doi       = { 10.25080/Majora-4af1f417-00e }
}
