
@InProceedings{ juan_shishido-proc-scipy-2016,
  author    = { {J}uan {S}hishido and {J}aya {N}arasimhan and {M}atar {H}aller },
  title     = { {T}ell {M}e {S}omething {I} {D}on't {K}now: {A}nalyzing {O}k{C}upid {P}rofiles },
  booktitle = { {P}roceedings of the 15th {P}ython in {S}cience {C}onference },
  pages     = { 75 - 81 },
  year      = { 2016 },
  editor    = { {S}ebastian {B}enthall and {S}cott {R}ostrup },
  doi       = { 10.25080/Majora-629e541a-00b }
}
