
@InProceedings{ jan_verschelde-proc-scipy-2019,
  author    = { {J}asmine {O}tto and {A}ngus {F}orbes and {J}an {V}erschelde },
  title     = { {S}olving {P}olynomial {S}ystems with phcpy },
  booktitle = { {P}roceedings of the 18th {P}ython in {S}cience {C}onference },
  pages     = { 62 - 68 },
  year      = { 2019 },
  editor    = { {C}hris {C}alloway and {D}avid {L}ippa and {D}illon {N}iederhut and {D}avid {S}hupe },
  doi       = { 10.25080/Majora-7ddc1dd1-009 }
}
