 @INPROCEEDINGS{6639061,
	author={Zhao, Xiaojia and Wang, DeLiang},
	booktitle={2013 IEEE International Conference on Acoustics, Speech and Signal Processing},
	title={Analyzing noise robustness of MFCC and GFCC features in speaker identification},
	year={2013},
	volume={},
	number={},
	pages={7204-7208},
	doi={10.1109/ICASSP.2013.6639061}}

@inbook{inbook,
	author = {Jeevan, Medikonda and Dhingra, Atul and Hanmandlu, M. and Panigrahi, Bijaya},
	year = {2017},
	month = {10},
	pages = {85-91},
	title = {Robust Speaker Verification Using GFCC Based i-Vectors},
	volume = {395},
	isbn = {978-81-322-3590-3},
	doi = {10.1007/978-81-322-3592-7_9},
	publisher = {Springer}
}

@article{paper,
	author = {Balaji, Srivi and Gopannagari, Meghana and Sharma, Svanik and Rajgopal, Preethi},
	year = {2021},
	month = {5},
	title = {Developing a Machine Learning Algorithm to Assess Attention Levels in ADH Students in a Virtual Learning Setting using Audio and Video Processing},
	volume = {10},
	issue = {1},
	issn = {2277-3878},
	journal = {International Journal of Recent Technology and Engineering (IJRTE)},
	doi={10.35940/ijrte.A5965.0510121}
}

@misc{opensource,
	author = {Jyotika Singh},
	title = {An introduction to audio processing and machine learning using Python},
	year = {2019},
	publisher = {Opensource},
	journal = {Opensource article},
	url = {https://opensource.com/article/19/9/audio-processing-machine-learning-python}
}

@INPROCEEDINGS{6921394,

	author={Chauhan, Paresh M. and Desai, Nikita P.},

	booktitle={2014 International Conference on Green Computing Communication and Electrical Engineering (ICGCCEE)},

	title={Mel Frequency Cepstral Coefficients (MFCC) based speaker identification in noisy environment using wiener filter},

	year={2014},

	volume={},

	number={},

	pages={1-5},

	doi={10.1109/ICGCCEE.2014.6921394}}

@inproceedings{mcfee2015librosa,
	title={librosa: Audio and music signal analysis in python},
	author={McFee, Brian and Raffel, Colin and Liang, Dawen and Ellis, Daniel PW and McVicar, Matt and Battenberg, Eric and Nieto, Oriol},
	booktitle={Proceedings of the 14th python in science conference},
	volume={8},
	year={2015},
	doi={10.5281/zenodo.4792298}
}

@article{giannakopoulos2015pyaudioanalysis,
	title={pyAudioAnalysis: An Open-Source Python Library for Audio Signal Analysis},
	author={Giannakopoulos, Theodoros},
	journal={PloS one},
	volume={10},
	number={12},
	year={2015},
	publisher={Public Library of Science},
	doi={10.1371/journal.pone.0144610}
}

@phdthesis{phdthesis,
	author = {Dinger, Vincent},
	year = {2021},
	month = {03},
	pages = {},
	title = {Master Thesis KI Methodiken fÃ¼r die Verarbeitung akustischer Signale AI Usage for Processing Acoustic Signals},
	school = {Kaiserslautern University of Applied Sciences},
	doi = {10.13140/RG.2.2.15872.97287}
}

@inbook{packt,
	author = {Ben Auffarth},
	year = {2020},
	month = {10},
	title = {Artificial Intelligence with Python Cookbook},
	isbn = {9781789133967},
	publisher = {Packt Publishing}
}

@misc{tzanetakis:2001,
	author    = "Tzanetakis, George and Essl, Georg and Cook, Perry",
	title     = "Automatic Musical Genre Classification Of Audio Signals",
	url       = "http://ismir2001.ismir.net/pdf/tzanetakis.pdf",
	publisher = "The International Society for Music Information Retrieval",
	year      = "2001"
}

@InProceedings{nlp,
	author    = {{J}yotika {S}ingh},
	title     = {{S}ocial {M}edia {A}nalysis using {N}atural {L}anguage {P}rocessing {T}echniques},
	booktitle = {{P}roceedings of the 20th {P}ython in {S}cience {C}onference},
	pages     = {52 - 58},
	year      = {2021},
	editor    = {{M}eghann {A}garwal and {C}hris {C}alloway and {D}illon {N}iederhut and {D}avid {S}hupe},
	doi       = {10.25080/majora-1b6fd038-009},
	url = {http://conference.scipy.org/proceedings/scipy2021/pdfs/jyotika_singh.pdf}
}

@misc{wiki-spec,
	author = "{Wikipedia contributors}",
	title = "Spectrogram --- {Wikipedia}{,} The Free Encyclopedia",
	year = "2021",
	url = "https://en.wikipedia.org/w/index.php?title=Spectrogram&oldid=1031156666",
	note = "[Online; accessed 19-July-2021]"
}

@patent{patent,
	inventor = {Singh, Jyotika and Bilbro, Rebecca and Avon, Michael and Bowen, Scott and Jolicoeur, Dan and Matta, Serge},
	assignee = {ICX Media, Inc.},
	title = {Method for optimizing media and marketing content using cross-platform video intelligence},
	year = {2021},
	number = {US10949880B2},
	type = {patentus},
	date = {2021-03-16},
	url = {https://patents.google.com/patent/US10949880B2/en}
}

@inproceedings{essentia,
	author = {Bogdanov, Dmitry and Wack, N and Gómez, Emilia and Gulati, Sankalp and Herrera, Perfecto and Mayor, Oscar and Roma, G and Salamon, Justin and Zapata, Jose and Serra, Xavier},
	year = {2013},
	month = {11},
	pages = {},
	title = {ESSENTIA: an Audio Analysis Library for Music Information Retrieval},
	journal = {Proceedings - 14th International Society for Music Information Retrieval Conference}
}

@patent{patent2,
	inventor = {Singh, Jyotika and Matta, Serge and Avon, Michael},
	assignee = {ICX Media, Inc.},
	title = {Media and marketing optimization with cross platform consumer and content intelligence},
	year = {2022},
	number = {US20210201349A1},
	type = {patentus},
	date = {2021-07-01},
	url = {https://patents.google.com/patent/US20210201349A1/en}
}

@article{spectro,
	author = {Wyse, Lonce},
	year = {2017},
	month = {06},
	pages = {},
	title = {Audio Spectrogram Representations for Processing with Convolutional Neural Networks}
}

@article{specPNSN,
	author = {PNSN},
	urldate = {2022-05-19},
	title = {What is a Spectrogram?},
	url={https://pnsn.org/spectrograms/what-is-a-spectrogram#}
}


  @misc{ chromawiki,
	author = {{Wikipedia contributors}},
	title = {Chroma feature --- Wikipedia The Free Encyclopedia},
	year = {2022},
	url = {https://en.wikipedia.org/w/index.php?title=Chroma_feature&oldid=1066722932},
	note = {Online; accessed 18-May-2022}
}

@inbook{inbookgfcc,
	author = {Jeevan, Medikonda and Dhingra, Atul and Hanmandlu, M. and Panigrahi, Bijaya},
	year = {2017},
	month = {10},
	pages = {85-91},
	title = {Robust Speaker Verification Using GFCC Based i-Vectors},
	volume = {395},
	isbn = {978-81-322-3590-3},
	doi = {10.1007/978-81-322-3592-7_9}
}

@INPROCEEDINGS{6639061,
	author={Zhao, Xiaojia and Wang, DeLiang},
	booktitle={2013 IEEE International Conference on Acoustics, Speech and Signal Processing},
	title={Analyzing noise robustness of MFCC and GFCC features in speaker identification},
	year={2013},
	volume={},
	number={},
	pages={7204-7208},
	doi={10.1109/ICASSP.2013.6639061}}

@article{Dua2018,
	doi = {10.1007/s12652-018-0828-x},
	url = {https://doi.org/10.1007/s12652-018-0828-x},
	year = {2018},
	month = may,
	publisher = {Springer Science and Business Media {LLC}},
	volume = {10},
	number = {6},
	pages = {2301--2314},
	author = {Mohit Dua and Rajesh Kumar Aggarwal and Mantosh Biswas},
	title = {{GFCC} based discriminatively trained noise robust continuous {ASR} system for Hindi language},
	journal = {Journal of Ambient Intelligence and Humanized Computing}
}

@software{pAP,
	author       = {Jyotika Singh},
	title        = {{jsingh811/pyAudioProcessing: Audio processing,
	feature extraction and classification}},
	month        = jul,
	year         = 2021,
	publisher    = {Zenodo},
	version      = {v1.2.0},
	doi          = {10.5281/zenodo.5121041},
	url          = {https://github.com/jsingh811/pyAudioProcessing}
}

@software{ayoubmalek2020,
	author = {Ayoub Malek}, 
	title = {spafe/spafe: 0.1.2}, 
	month = Apr, 
	year = 2020, 
	version = {0.1.2}, 
	url = {https://github.com/SuperKogito/spafe}
}

@online{pepy,
	author = {{PePy}},
	title = {{PePy download statistics}},
	year = {2022},
	url = {https://pepy.tech/project/pyAudioProcessing},
	urldate = {2022-06-23}
}

@misc{ enwiki:1091348337,
	author = "{Wikipedia contributors}",
	title = "Word embedding --- {Wikipedia}{,} The Free Encyclopedia",
	year = "2022",
	url = "https://en.wikipedia.org/w/index.php?title=Word_embedding&oldid=1091348337",
	note = "[Online; accessed 23-June-2022]"
}

@misc{ enwiki:1090834931,
	author = "{Wikipedia contributors}",
	title = "Speaker diarisation --- {Wikipedia}{,} The Free Encyclopedia",
	year = "2022",
	url = "https://en.wikipedia.org/w/index.php?title=Speaker_diarisation&oldid=1090834931",
	note = "[Online; accessed 23-June-2022]"
}
