
@InProceedings{ richards-proc-scipy-2013,
  author    = { {A}dam {J} {R}ichards and {A}ndrzej {S}. {K}osinski and {C}amille {B}onneaud and {D}elphine {L}egrand and {K}ouros {O}wzar },
  title     = { lp{E}dit: an editor to facilitate reproducible analysis via literate programming },
  booktitle = { {P}roceedings of the 12th {P}ython in {S}cience {C}onference },
  pages     = { 81 - 85 },
  year      = { 2013 },
  editor    = { {S}t\'efan van der {W}alt and {J}arrod {M}illman and {K}aty {H}uff },
  doi       = { 10.25080/Majora-8b375195-00e }
}
