
@InProceedings{ oliver_beckstein-proc-scipy-2016,
  author    = { {R}ichard {J}. {G}owers and {M}ax {L}inke and {J}onathan {B}arnoud and {T}yler {J}. {E}. {R}eddy and {M}anuel {N}. {M}elo and {S}ean {L}. {S}eyler and {J}an {D}omański and {D}avid {L}. {D}otson and {S}ébastien {B}uchoux and {I}an {M}. {K}enney and {O}liver {B}eckstein },
  title     = { {M}{D}{A}nalysis: {A} {P}ython {P}ackage for the {R}apid {A}nalysis of {M}olecular {D}ynamics {S}imulations },
  booktitle = { {P}roceedings of the 15th {P}ython in {S}cience {C}onference },
  pages     = { 98 - 105 },
  year      = { 2016 },
  editor    = { {S}ebastian {B}enthall and {S}cott {R}ostrup },
  doi       = { 10.25080/Majora-629e541a-00e }
}
