
@InProceedings{ ling-proc-scipy-2011,
  author    = { {M}artin {J}. {L}ing and {A}lex {D}. {Y}oung },
  title     = { {I}{M}{U}{S}im - {S}imulating inertial and magnetic sensor systems in {P}ython },
  booktitle = { {P}roceedings of the 10th {P}ython in {S}cience {C}onference },
  pages     = { 63 - 69 },
  year      = { 2011 },
  editor    = { {S}t\'efan van der {W}alt and {J}arrod {M}illman },
  doi       = { 10.25080/Majora-ebaa42b7-00b }
}
