
@InProceedings{ yannick_congo-proc-scipy-2015,
  author    = { {F}aical {Y}annick {P}alingwende {C}ongo },
  title     = { {B}uilding a {C}loud {S}ervice for {R}eproducible {S}imulation {M}anagement },
  booktitle = { {P}roceedings of the 14th {P}ython in {S}cience {C}onference },
  pages     = { 187 - 193 },
  year      = { 2015 },
  editor    = { {K}athryn {H}uff and {J}ames {B}ergstra },
  doi       = { 10.25080/Majora-7b98e3ed-01d }
}
