
@InProceedings{ brandon_butler-proc-scipy-2020,
  author    = { {B}randon {L}. {B}utler and {V}yas {R}amasubramani and {J}oshua {A}. {A}nderson and {S}haron {C}. {G}lotzer },
  title     = { {H}{O}{O}{M}{D}-blue version 3.0 {A} {M}odern, {E}xtensible, {F}lexible, {O}bject-{O}riented {A}{P}{I} for {M}olecular {S}imulations },
  booktitle = { {P}roceedings of the 19th {P}ython in {S}cience {C}onference },
  pages     = { 24 - 31 },
  year      = { 2020 },
  editor    = { {M}eghann {A}garwal and {C}hris {C}alloway and {D}illon {N}iederhut and {D}avid {S}hupe },
  doi       = { 10.25080/Majora-342d178e-004 }
}
