
@InProceedings{ ankur_ankan-proc-scipy-2015,
  author    = { {A}nkur {A}nkan and {A}binash {P}anda },
  title     = { pgmpy: {P}robabilistic {G}raphical {M}odels using {P}ython },
  booktitle = { {P}roceedings of the 14th {P}ython in {S}cience {C}onference },
  pages     = { 6 - 11 },
  year      = { 2015 },
  editor    = { {K}athryn {H}uff and {J}ames {B}ergstra },
  doi       = { 10.25080/Majora-7b98e3ed-001 }
}
