
@InProceedings{ simon_lund-proc-scipy-2012,
  author    = { {M}ads {R}uben {B}urgdorff {K}ristensen and {S}imon {A}ndreas {F}rimann {L}und and {T}roels {B}lum and {B}rian {V}inter },
  title     = { cph{V}{B}: {A} {S}ystem for {A}utomated {R}untime {O}ptimization and {P}arallelization of {V}ectorized {A}pplications },
  booktitle = { {P}roceedings of the 11th {P}ython in {S}cience {C}onference },
  pages     = { 62 - 68 },
  year      = { 2012 },
  editor    = { {A}ron {A}hmadia and {J}arrod {M}illman and {S}t\'efan van der {W}alt },
  doi       = { 10.25080/Majora-54c7f2c8-00b }
}
