
@InProceedings{ vanderplas-proc-scipy-2014,
  author    = { {J}ake {V}ander{P}las },
  title     = { {F}requentism and {B}ayesianism: {A} {P}ython-driven {P}rimer },
  booktitle = { {P}roceedings of the 13th {P}ython in {S}cience {C}onference },
  pages     = { 85 - 93 },
  year      = { 2014 },
  editor    = { {S}t\'efan van der {W}alt and {J}ames {B}ergstra },
  doi       = { 10.25080/Majora-14bd3278-00e }
}
