
@article{MacIver2019,
  doi = {10.21105/joss.01891},
  url = {https://doi.org/10.21105/joss.01891},
  doi = "10.21105/joss.01891",
  year = {2019},
  publisher = {The Open Journal},
  volume = {4},
  number = {43},
  pages = {1891},
  author = {David MacIver and Zac Hatfield-Dodds and Many Contributors},
  title = {Hypothesis: A new approach to property-based testing},
  journal = {Journal of Open Source Software}
}

@article{MacIver2020,
  author =	{David R. MacIver and Alastair F. Donaldson},
  title =	{{Test-Case Reduction via Test-Case Generation: Insights from the Hypothesis Reducer (Tool Insights Paper)}},
  booktitle =	{34th European Conference on Object-Oriented Programming (ECOOP 2020)},
  pages =	{13:1--13:27},
  series =	{Leibniz International Proceedings in Informatics (LIPIcs)},
  ISBN =	{978-3-95977-154-2},
  ISSN =	{1868-8969},
  year =	{2020},
  volume =	{166},
  editor =	{Robert Hirschfeld and Tobias Pape},
  publisher =	{Schloss Dagstuhl--Leibniz-Zentrum f{\"u}r Informatik},
  address =	{Dagstuhl, Germany},
  URL =		{https://drops.dagstuhl.de/opus/volltexte/2020/13170},
  URN =		{urn:nbn:de:0030-drops-131700},
  doi =		{10.4230/LIPIcs.ECOOP.2020.13},
}

@misc{PraisePBT,
  author    = {David MacIver},
  title     = {{In Praise of Property-Based Testing}},
  publisher = {Increment Mag},
  url       = {https://increment.com/testing/in-praise-of-property-based-testing/}
}

@article{QuickCheck,
  author = {Claessen, Koen and Hughes, John},
  title = {QuickCheck: A Lightweight Tool for Random Testing of Haskell Programs},
  year = {2000},
  publisher = {Association for Computing Machinery},
  url = {https://doi.org/10.1145/357766.351266},
  doi = {10.1145/357766.351266},
  journal = {Proceedings of the Fifth ACM SIGPLAN International Conference on Functional Programming},
}

@misc{hypothesis_bio,
  author    = {Benjamin Lee and Reva Shenwai and Zongyi Ha and Michael B. Hall and Vaastav Anand},
  title     = {{Hypothesis-Bio}},
  publisher = {GitHub},
  url       = {https://github.com/Lab41/hypothesis-bio}
}

@misc{MyGrad,
  author    = {Ryan Soklaski},
  title     = {MyGrad},
  publisher = {GitHub},
  url       = {https://github.com/rsokl/MyGrad}
}

@article{NMRbug,
  author = {Bhandari Neupane, Jayanti and Neupane, Ram P. and Luo, Yuheng and Yoshida, Wesley Y. and Sun, Rui and Williams, Philip G.},
  title = {Characterization of Leptazolines A–D, Polar Oxazolines from the Cyanobacterium Leptolyngbya sp., Reveals a Glitch with the “Willoughby–Hoye” Scripts for Calculating NMR Chemical Shifts},
  journal = {Organic Letters},
  volume = {21},
  number = {20},
  pages = {8449-8453},
  year = {2019},
  doi = {10.1021/acs.orglett.9b03216},
  URL = {https://doi.org/10.1021/acs.orglett.9b03216},
}

@article{Soergel2015,
  doi = {10.12688/f1000research.5930.2},
  url = {https://doi.org/10.12688/f1000research.5930.2},
  year = {2015},
  month = jul,
  publisher = {F1000 Research Ltd},
  volume = {3},
  pages = {303},
  author = {David A. W. Soergel},
  title = {Rampant software errors may undermine scientific results},
  journal = {F1000Research}
}

@misc{AstropyProblem,
    title={The Astropy Problem},
    author={Demitri Muna et al.},
    year={2016},
    eprint={1610.03159},
    archivePrefix={arXiv},
    primaryClass={astro-ph.IM}
}

@article{astropy:2013,
  Author = {{Astropy Collaboration} and {Robitaille}, T.~P. and {Tollerud}, E.~J. and {Greenfield}, P. and {Droettboom}, M. and {Bray}, E. and {Aldcroft}, T. and {Davis}, M. and {Ginsburg}, A. and {Price-Whelan}, A.~M. and {Kerzendorf}, W.~E. and {Conley}, A. and {Crighton}, N. and {Barbary}, K. and {Muna}, D. and {Ferguson}, H. and {Grollier}, F. and {Parikh}, M.~M. and {Nair}, P.~H. and {Unther}, H.~M. and {Deil}, C. and {Woillez}, J. and {Conseil}, S. and {Kramer}, R. and {Turner}, J.~E.~H. and {Singer}, L. and {Fox}, R. and {Weaver}, B.~A. and {Zabalza}, V. and {Edwards}, Z.~I. and {Azalee Bostroem}, K. and {Burke}, D.~J. and {Casey}, A.~R. and {Crawford}, S.~M. and {Dencheva}, N. and {Ely}, J. and {Jenness}, T. and {Labrie}, K. and {Lim}, P.~L. and {Pierfederici}, F. and {Pontzen}, A. and {Ptak}, A. and {Refsdal}, B. and {Servillat}, M. and {Streicher}, O.},
  Doi = {10.1051/0004-6361/201322068},
  Journal = {Astronomy {\&} Astrophysics},
  Keywords = {methods: data analysis, methods: miscellaneous, virtual observatory tools},
  Month = oct,
  Title = {{Astropy: A community Python package for astronomy}},
  Volume = 558,
  Year = 2013,
}

@article{astropy:2018,
  title={The Astropy Project: Building an Open-science Project and Status of the v2.0 Core Package},
  volume={156},
  ISSN={1538-3881},
  url={http://dx.doi.org/10.3847/1538-3881/aabc4f},
  DOI={10.3847/1538-3881/aabc4f},
  number={3},
  journal={The Astronomical Journal},
  publisher={American Astronomical Society},
  author={Price-Whelan, A. M. and Sipőcz, B. M. and Günther, H. M. and Lim, P. L. and Crawford, S. M. and Conseil, S. and Shupe, D. L. and Craig, M. W. and Dencheva, N. and et al.},
  year={2018},
  month={Aug},
  pages={123}
}

@book{oliphant2006guide,
  title={A guide to NumPy},
  author={Oliphant, Travis E},
  volume={1},
  year={2006},
  publisher={Trelgol Publishing USA}
}

@misc{NumpyFunding,
  author    = {NumFocus},
  title     = {Why Is NumPy Only Now Getting Funded?},
  publisher = {NumFocus Foundation},
  url       = {https://numfocus.org/blog/why-is-numpy-only-now-getting-funded}
}

@ARTICLE{MTsurvey,
  author={S. {Segura} and G. {Fraser} and A. B. {Sanchez} and A. {Ruiz-Cortés}},
  journal={IEEE Transactions on Software Engineering},
  title={A Survey on Metamorphic Testing},
  year={2016},
  volume={42},
  number={9},
  pages={805-824},
}

@article{MTbioinformatics,
  doi = {10.1186/1471-2105-10-24},
  url = {https://doi.org/10.1186/1471-2105-10-24},
  year = {2009},
  publisher = {Springer Science and Business Media {LLC}},
  volume = {10},
  number = {1},
  pages = {24},
  author = {Tsong Chen and Joshua WK Ho and Huai Liu and Xiaoyuan Xie},
  title = {An innovative approach for testing bioinformatics programs using metamorphic testing},
  journal = {{BMC} Bioinformatics}
}

@article{METTLE,
   title={METTLE: A METamorphic Testing Approach to Assessing and Validating Unsupervised Machine Learning Systems},
   ISSN={1558-1721},
   url={http://dx.doi.org/10.1109/TR.2020.2972266},
   DOI={10.1109/tr.2020.2972266},
   journal={IEEE Transactions on Reliability},
   publisher={Institute of Electrical and Electronics Engineers (IEEE)},
   author={Xie, Xiaoyuan and Zhang, Zhiyi and Chen, Tsong Yueh and Liu, Yang and Poon, Pak-Lok and Xu, Baowen},
   year={2020},
   pages={1–30}
}
