
@InProceedings{ zac_hatfield-dodds-proc-scipy-2020,
  author    = { {Z}ac {H}atfield-{D}odds },
  title     = { {F}alsify your {S}oftware: validating scientific code with property-based testing },
  booktitle = { {P}roceedings of the 19th {P}ython in {S}cience {C}onference },
  pages     = { 162 - 165 },
  year      = { 2020 },
  editor    = { {M}eghann {A}garwal and {C}hris {C}alloway and {D}illon {N}iederhut and {D}avid {S}hupe },
  doi       = { 10.25080/majora-37cdd580-016 }
}
