
@InProceedings{ francis-lyon-proc-scipy-2013,
  author    = { {P}atricia {F}rancis-{L}yon and {S}hashank {B}elvadi and {F}u-{Y}uan {C}heng },
  title     = { {D}etection and characterization of interactions of genetic risk factors in disease },
  booktitle = { {P}roceedings of the 12th {P}ython in {S}cience {C}onference },
  pages     = { 38 - 43 },
  year      = { 2013 },
  editor    = { {S}t\'efan van der {W}alt and {J}arrod {M}illman and {K}aty {H}uff },
  doi       = { 10.25080/Majora-8b375195-007 }
}
