@ARTICLE{Frau16,
  title   = {Bayesian modelling of ASL fMRI data (In preparation)},
  author  = {{A. Frau-Pascual} and {F. Forbes} and {T. Perret} and {P. Ciuciu}},
  journal = {{IEEE} {T}rans. {M}ed. {I}mag.}
}

@article{Attye:2014,
    author  = {Atty√©, A. and Villien, M. and Tahon, F. and Warnking, J. and Detante, O. and Krainik, A.},
    journal = {Human Brain Mapping},
    month   = {apr},
    number  = {4},
    pages   = {1320--1324},
    title   = {{Normalization of cerebral vasoreactivity using BOLD MRI after intravascular stenting}},
    volume  = {35},
    year    = {2014}
}

@article{Badillo13,
    author  = {Badillo, S. and Vincent, T. and Ciuciu, P.},
    journal = {NeuroImage},
    month   = {nov},
    pages   = {433--448},
    title   = {{Group-level impacts of within- and between-subject hemodynamic variability in fMRI}},
    volume  = {82},
    year    = {2013}
}

@article{Buxton:2013,
    author  = {Buxton, R. B.},
    journal = {Reports on Progress in Physics},
    month   = {sep},
    number  = {9},
    title   = {{The physics of functional magnetic resonance imaging (fMRI)}},
    volume  = {76},
    year    = {2013}
}

@article{Cantin:2011,
    author  = {Cantin, S. and Villien, M. and Moreaud, O. and Tropres, I. and Keignart, S. and Chipon, E. and {Le Bas}, J.-F. and Warnking, J. and Krainik, A.},
    journal = {NeuroImage},
    month   = {sep},
    number  = {2},
    pages   = {579--587},
    title   = {{Impaired cerebral vasoreactivity to CO2 in Alzheimer's disease using BOLD fMRI}},
    volume  = {58},
    year    = {2011}
}

@ARTICLE{Chaari13,
    author = {Chaari, L. and Vincent, T. and Forbes, F. and Dojat, M. and P. Ciuciu},
    title = {Fast joint detection-estimation of evoked brain activity in event-related {fMRI} using a variational approach},
  journal = {{IEEE Trans. on Medical Imaging}},
    year = {2013},
    volume = {32},
    number = {5},
    pages = {821--837},
    month = {May}
}

@article{Fabiani:2014,
    author  = {Fabiani, M. and Gordon, B. A. and Maclin, E. L. and Pearson, M. A. and Brumback-Peltz, C. R. and Low, K. A. and McAuley, E. and Sutton, B. P. and Kramer, A. F. and Gratton, G.},
    journal = {NeuroImage},
    month   = {jan},
    pages   = {592--607},
    title   = {{Neurovascular coupling in normal aging: A combined optical, ERP and fMRI study}},
    volume  = {85},
    year    = {2014}
}

@incollection{Frau15c,
  title     = {Comparison of stochastic and variational solutions to {ASL} {fMRI} data analysis},
  author    = {Frau-Pascual, A. and Forbes, F. and Ciuciu, P.},
  booktitle = {Medical Image Computing and Computer-Assisted Intervention--MICCAI 2015},
  pages     = {85--92},
  year      = {2015},
  publisher = {Springer}
}


@inproceedings{Frau15a,
  title        = {Physiological models comparison for the analysis of {ASL} {fMRI} data},
  author       = {Frau-Pascual, A. and Forbes, F. and Ciuciu, P.},
  booktitle    = {Biomedical Imaging (ISBI), 2015 IEEE 12th International Symposium on},
  pages        = {1348--1351},
  year         = {2015},
  organization = {IEEE}
}


@inproceedings{Frau15b,
  title        = {Variational physiologically informed solution to hemodynamic and perfusion response estimation from {ASL} {fMRI} data},
  author       = {Frau-Pascual, A. and Forbes, F. and Ciuciu, P.},
  booktitle    = {Pattern Recognition in NeuroImaging (PRNI), 2015 International Workshop on},
  pages        = {57--60},
  year         = {2015},
  organization = {IEEE}
}

@incollection{Frau14b,
  title     = {Physiologically informed {B}ayesian analysis of {ASL} {fMRI} data},
  author    = {Frau-Pascual, A. and Vincent, T. and Sloboda, J. and Ciuciu, P. and Forbes, F.},
  booktitle = {{B}ayesian and grAphical Models for Biomedical Imaging},
  pages     = {37--48},
  year      = {2014},
  publisher = {Springer}
}

@ARTICLE{Handwerker04,
  author  = {D. A. Handwerker and J. M. Ollinger and D. Mark},
  title   = {Variation of {BOLD} hemodynamic responses across subjects and brain regions and their effects on statistical analyses},
  journal = {Neuroimage},
  year    = {2004},
  volume  = {21},
  pages   = {1639--1651}
}

@article{Makni08,
  title     = {A fully {B}ayesian approach to the parcel-based detection-estimation of brain activity in {fMRI}},
  author    = {Makni, S. and Idier, J. and Vincent, T. and Thirion, B. and Dehaene-Lambertz, G. and Ciuciu, P.},
  journal   = {Neuroimage},
  volume    = {41},
  number    = {3},
  pages     = {941--969},
  year      = {2008},
  publisher = {Elsevier}
}

@article{Ogawa:1990,
    author  = {Ogawa, S. and Lee, T. M. and Kay, A. R. and Tank, D. W.},
    journal = {Proceedings of the National Academy of Sciences},
    month   = {dec},
    number  = {24},
    pages   = {9868-9872},
    title   = {{Brain magnetic resonance imaging with contrast dependent on blood oxygenation.}},
    volume  = {87},
    year    = {1990}
}

@ARTICLE{Ciuciu03,
  author  = {{P. Ciuciu} and {J.-B. Poline} and {G. Marrelec} and {J. Idier} and {Ch. Pallier} and {H. Benali}},
  title   = {Unsupervised robust non-parametric estimation of the hemodynamic response function for any f{MRI} experiment},
  journal = {{IEEE} {T}rans. {M}ed. {I}mag.},
  year    = {2003},
  volume  = {22},
  pages   = {1235--1251},
  number  = {10},
  month   = "Oct."
}

@inproceedings{Vincent13,
  author    = {T. Vincent and J. Warnking and M. Villien and A. Krainik and P. Ciuciu and F. Forbes},
  title     = {{{B}ayesian Joint Detection-Estimation of cerebral vasoreactivity from {ASL} {fMRI} data}},
  booktitle = { 16th Proc. MICCAI},
  address   = {Nagoya, Japan},
  year      = {2013},
  volume    = {2},
  pages     = {616--623},
  month     = {September}
}

@article{Vincent:2014,
    author  = {Vincent, T. and Badillo, S. and Risser, L. and Chaari, L. and Bakhous, C. and Forbes, F. and Ciuciu, P.},
    journal = {Frontiers in Neuroscience},
    month   = {apr},
    title   = {{Flexible multivariate hemodynamics fMRI data analyses and simulations with PyHRF}},
    volume  = {8},
    year    = {2014}
}

@ARTICLE{Vincent10,
  author  = {Vincent, T. and Risser, L. and P. Ciuciu},
  title   = {Spatially adaptive mixture modeling for analysis of {within-subject {fMRI}} time series},
  journal = {{IEEE Trans. on Medical Imaging}},
  year    = {2010},
  volume  = {29},
  pages   = {1059--1074},
  number  = {4},
  month   = {April}
}


@article{Gorgolewski2013,
  author  = {Gorgolewski, K. J. and Storkey, A. and Bastin, M. E. and Whittle, I. R. and Wardlaw, J. M. and Pernet, C. R.},
  journal = {GigaScience},
  number  = {1},
  pages   = {6},
  title   = {{A test-retest fMRI dataset for motor, language and spatial attention functions}},
  volume  = {2},
  year    = {2013}
}


@article{Richiardi2015,
  author  = {Richiardi, J. and Altmann, A. and Milazzo, A.-C. and Chang, C. and Chakravarty, M. M. and Banaschewski, T. and Barker, G. J. and Bokde, A. L. W. and Bromberg, U. and Buchel, C. and Conrod, P. and Fauth-Buhler, M. and Flor, H. and Frouin, V. and Gallinat, J. and Garavan, H. and Gowland, P. and Heinz, A. and Lemaitre, H. and Mann, K. F. and Martinot, J.-L. and Nees, F. and Paus, T. and Pausova, Z. and Rietschel, M. and Robbins, T. W. and Smolka, M. N. and Spanagel, R. and Strohle, A. and Schumann, G. and Hawrylycz, M. and Poline, J.-B. and Greicius, M. D. and Albrecht, L. and Andrew, C. and Arroyo, M. and Artiges, E. and Aydin, S. and Bach, C. and Banaschewski, T. and Barbot, A. and Barker, G. and Boddaert, N. and Bokde, A. and Bricaud, Z. and Bromberg, U. and Bruehl, R. and Buchel, C. and Cachia, A. and Cattrell, A. and Conrod, P. and Constant, P. and Dalley, J. and Decideur, B. and Desrivieres, S. and Fadai, T. and Flor, H. and Frouin, V. and Gallinat, J. and Garavan, H. and Briand, F. G. and Gowland, P. and Heinrichs, B. and Heinz, A. and Heym, N. and Hubner, T. and Ireland, J. and Ittermann, B. and Jia, T. and Lathrop, M. and Lanzerath, D. and Lawrence, C. and Lemaitre, H. and Ludemann, K. and Macare, C. and Mallik, C. and Mangin, J.-F. and Mann, K. and Martinot, J.- L. and Mennigen, E. and {Mesquita de Carvahlo}, F. and Mignon, X. and Miranda, R. and Muller, K. and Nees, F. and Nymberg, C. and Paillere, M.-L. and Paus, T. and Pausova, Z. and Poline, J.-B. and Poustka, L. and Rapp, M. and Robert, G. and Reuter, J. and Rietschel, M. and Ripke, S. and Robbins, T. and Rodehacke, S. and Rogers, J. and Romanowski, A. and Ruggeri, B. and Schmal, C. and Schmidt, D. and Schneider, S. and Schumann, M. and Schubert, F. and Schwartz, Y. and Smolka, M. and Sommer, W. and Spanagel, R. and Speiser, C. and Spranger, T. and Stedman, A. and Steiner, S. and Stephens, D. and Strache, N. and Strohle, A. and Struve, M. and Subramaniam, N. and Topper, L. and Whelan, R. and Williams, S. and Yacubian, J. and Zilbovicius, M. and Wong, C. P. and Lubbe, S. and Martinez-Medina, L. and Fernandes, A. and Tahmasebi, A.},
  journal = {Science},
  month   = {jun},
  number  = {6240},
  pages   = {1241--1244},
  title   = {{Correlated gene expression supports synchronous activity in brain networks}},
  volume  = {348},
  year    = {2015}
}


@article{Albughdadi2016,
  author  = {M. Albughdadi and L. Chaari and J.-Y. Tourneret and F. Forbes and P. Ciuciu},
  title   = {Hemodynamic Brain Parcellation Using A Non-Parametric Bayesian Approach},
  journal = {Medical Image Anlysis},
  year    = {2016},
  note    = {Submitted}
}
