
@InProceedings{ jaime_arias-proc-scipy-2017,
  author    = { {J}aime {A}rias and {P}hilippe {C}iuciu and {M}ichel {D}ojat and {F}lorence {F}orbes and {A}ina {F}rau-{P}ascual and {T}homas {P}erret and {J}an {M}. {W}arnking },
  title     = { {P}y{H}{R}{F}: {A} {P}ython {L}ibrary for the {A}nalysis of f{M}{R}{I} {D}ata {B}ased on {L}ocal {E}stimation of the {H}emodynamic {R}esponse {F}unction },
  booktitle = { {P}roceedings of the 16th {P}ython in {S}cience {C}onference },
  pages     = { 34 - 40 },
  year      = { 2017 },
  editor    = { {K}aty {H}uff and {D}avid {L}ippa and {D}illon {N}iederhut and {M} {P}acer },
  doi       = { 10.25080/shinma-7f4c6e7-006 }
}
