@article{Ahuja2008,
	title = {An \emph{in vitro} model of a retinal prosthesis},
	author = {AK Ahuja and MR Behrend and M Kuroda and MS Humayun and JD Weiland},
	year = {2008},
	journal = {IEEE Transactions on Biomedical Engineering},
	volume = {55},
	number = {6},
	pages = {1744--1753}
}

@article {Beyeler2017,
	author = {M Beyeler and A Rokem and GM Boynton and I Fine},
	title = {Learning to see again: Biological constraints on cortical plasticity and the implications for sight restoration technologies},
	journal = {Journal of Neural Engineering},
	year = {in press},
	doi = {10.1088/1741-2552/aa795e},
}

@misc{BSDLicense,
	title = {{Berkeley Software Distribution (BSD) 3-clause "New" or "Revised" License, version 3}},
	url = {https://github.com/uwescience/pulse2percept/blob/master/LICENSE},
	year = {2017},
}

@article{Bunker1984,
	title = {Prevalence of retinitis pigmentosa in Maine},
	author = {CH Bunker and EL Berson and WC Bromley and RP Hayes and TH Roderick},
	year = {1984},
	journal = {American Journal of Ophthalmology},
	volume = {97},
	pages = {357--365}
}

@article{daCruz2016,
	title = "Five-Year Safety and Performance Results from the Argus \{II\} Retinal Prosthesis System Clinical Trial ",
	journal = "Ophthalmology ",
	volume = "123",
	number = "10",
	pages = "2248 - 2254",
	year = "2016",
	author = "L da Cruz and JD Dorn and MS Humayun and G Dagnelie and J Handa and P-O Barale and J-A Sahel and PE Stanga and F Hafezi and AB Safran et al"
}

@Manual{Dask2016,
  title = {Dask: Library for dynamic task scheduling},
  author = {{Dask Development Team}},
  year = {2016},
  url = {http://dask.pydata.org},
}

@article{EyeDiseases2004,
	author = {The Eye Diseases Prevalence Research Group*},
	title = {Prevalence of age-related macular degeneration in the {U}nited {S}tates},
	journal = {Archives of Ophthalmology},
	volume = {122},
	number = {4},
	pages = {564-572},
	year = {2004},
}

@manual{FFmpeg,
	title = {{FFmpeg: A complete, cross-platform solution to record, convert and stream audio and video}},
	author = {{FFmpeg Development Team}},
	year = {2010},
	url = {http://www.ffmpeg.org}
}

@article{Fine2015,
	title = {{V}ision {R}esearch special issue: Sight restoration: Prosthetics, optogenetics and gene therapy},
	author = {I Fine and C Cepko and MS Landy},
	year = {2015},
	journal = {Vision Research},
	volume = {111},
	pages = {115--123}
}

@article {FineBoynton2015,
	author = {I Fine and GM Boynton},
	title = {Pulse trains to percepts: the challenge of creating a perceptually intelligible world with sight recovery technologies},
	volume = {370},
	number = {1677},
	year = {2015},
	publisher = {The Royal Society},
	issn = {0962-8436},
}

@article{Horsager2009,
	author = {A Horsager and SH Greenwald and JD Weiland and MS Humayun and RJ Greenberg and MJ McMahon and GM Boynton and I Fine},
	title = {Predicting Visual Sensitivity in Retinal Prosthesis Patients},
	journal = {Investigative Ophthalmology \& Visual Science},
	volume = {50},
	number = {4},
	pages = {1483},
	year = {2009},
}

@article{Horsager2011,
	author = {A Horsager and GM Boynton and RJ Greenberg and I Fine},
	title = {Temporal Interactions during Paired-Electrode Stimulation in Two Retinal Prosthesis Subjects},
	journal = {Investigative Ophthalmology \& Visual Science},
	volume = {52},
	number = {1},
	pages = {549},
	year = {2011},
}

@article{Humayun1999,
	author = {Humayun, M S and Prince, M and de Juan, Jr ,E and Barron, Y and Moskowitz, M and Klock, I B and Milam, A H},
	title = {Morphometric analysis of the extramacular retina from postmortem eyes with retinitis pigmentosa.},
	journal = {Investigative Ophthalmology \& Visual Science},
	volume = {40},
	number = {1},
	pages = {143},
	year = {1999},
}

@article{Jansonius2009,
  title={A mathematical description of nerve fiber bundle trajectories and their variability in the human retina},
  author={NM Jansonius and J Nevalainen and B Selig and LM Zangwill and PA Sample and WM Budde and JB Jonas and WA Lagr{\`e}ze and PJ Airaksinen and R Vonthein et al},
  journal={Vision research},
  volume={49},
  number={17},
  pages={2157--2163},
  year={2009},
  publisher={Elsevier}
}

@Manual{Joblib2016,
  title = {Joblib},
  author = {{Joblib Development Team}},
  year = {2016},
  url = {http://pythonhosted.org/joblib/},
}

@article{Keshavan2017,
	title = {Mindcontrol: A web application for brain segmentation quality control},
	author = {A Keshavan and E Datta and IM McDonough and CR Madan and K Jordan and RG Henry},
	year = {in press},
	journal = {NeuroImage},
	doi = {10.1016/j.neuroimage.2017.03.055}
}

@article{Klockner2012,
   author = {A Kl{\"o}ckner and N Pinto and Y Lee and B Catanzaro and P Ivanov and A Fasih},
   title = "{PyCUDA and PyOpenCL: A Scripting-Based Approach to GPU Run-Time Code Generation}",
   journal = "Parallel Computing",
   volume = "38",
   number = "3",
   pages = "157--174",
   year = "2012",
}

@inproceedings{Lam2015,
 author = {SK Lam and A Pitrou and S Seibert},
 title = {Numba: A LLVM-based Python JIT Compiler},
 booktitle = {Proceedings of the Second Workshop on the LLVM Compiler Infrastructure in HPC},
 series = {LLVM '15},
 year = {2015},
 isbn = {978-1-4503-4005-2},
 location = {Austin, Texas},
 pages = {7:1--7:6},
 articleno = {7},
 numpages = {6},
 acmid = {2833162},
 publisher = {ACM},
 address = {New York, NY, USA},
 keywords = {LLVM, Python, compiler},
}


@article{Marc2003a,
	title = {Neural remodeling in retinal degeneration},
	author = {RE Marc and BW Jones and CB Watt and E Strettoi},
	year = {2003},
	journal = {Progress in Retinal and Eye Research},
	volume = {22},
	pages = {607--655}
}

@article{Marc2003b,
	title = {Retinal remodeling in inherited photoreceptor degenerations},
	author = {RE Marc and BW Jones},
	journal = {Molecular Neurobiology},
	year = {2003},
	volume = {28},
	pages = {139--147}
}

@article{Mazzoni2008,
	author = {F Mazzoni and E Novelli and E Strettoi},
	title = {Retinal ganglion cells survive and maintain normal dendritic morphology in a mouse model of inherited photoreceptor degeneration},
	journal = {Journal of Neuroscience},
	year = {2008},
	volume = {28},
	pages = {14282--14292}
}

@article{Nanduri2012,
	title = {Frequency and amplitude modulation have different effects on the percepts elicited by retinal stimulation},
	author = {D Nanduri and I Fine and A Horsager and GM Boynton and MS Humayun and RJ Greenberg and JD Weiland},
	year = {2012},
	journal = {Investigative Ophthalmology \& Visual Science},
	volume = {53},
	number = {1},
	pages = {205--214}
}

@article{PioneerPress2015,
	title = {'Bionic eye' helps Duluth man make out his dark world},
	author = {Pioneer Press},
	journal = {Twin Cities Pioneer Press},
	year = {2015}
}

@book{Rodieck1998,
	author = {RW Rodieck},
	title = {The first steps in seeing},
	publisher = {Sinauer Associates},
	year = {1998}
}

@article{Santos1997,
	title = {Preservation of the inner retina in retinitis pigmentosa},
	author = {A Santos and MS Humayun and E {de Juan Jr.} and RJ Greenburg and MJ Marsh and IB Klock and AH Milam},
	year = {1997},
	journal = {Archives of Ophthalmology},
	volume = {115},
	pages = {511--515}
}

@article{ScikitImage2014,
	author = {{S van der Walt, JL Sch\"{o}nberger, J Nunze-Iglesias, F Boulogne, JD Warner, N Yager, E Gouillart, T Yu and scikit-image contributors.}},
	title = {{scikit-image: Image processing in Python}},
	year = {2014},
	journal = {PeerJ},
	volume = {2},
	number = {e453}
}

@manual{ScikitVideo,
	title = {{Scikit-Video: Video processing in Python}},
	author = {{Scikit-Video Development Team}},
	year = {2017},
	url = {http://www.scikit-video.org}
}

@article{Shannon1989,
	author = {RV Shannon},
	title = {A model of threshold for pulsatile electrical stimulation},
	journal = {Hearing Research},
	year = {1989},
	volume = {40},
	pages = {197--2014}
}

@Manual{Spark2016,
  title = {Apache Spark: a fast and general cluster computing system for Big Data},
  author = {{Apache Spark Development Team}},
  year = {2016},
  url = {https://spark.apache.org/releases/spark-release-2-0-0.html},
}

@article{Stingl2015,
	title = "Subretinal Visual Implant Alpha \{IMS\} â€“ Clinical trial interim report ",
	journal = "Vision Research ",
	volume = "111, Part B",
	pages = "149 - 160",
	year = "2015",
	author = "K Stingl and KU Bartz-Schmidt and D Besch and CK Chee and CL Cottriall and F Gekeler and M Groppe and TL Jackson and RE MacLaren and A Koitschev et al"
}

@article{Weiland2016,
	title = {Electrical stimulation of the retina to produce artificial vision},
	author = {JD Weiland and ST Walston and MS Humayun},
	year = {2016},
	journal = {Annual Review of Vision Science},
	volume = {2},
	pages = {273--294},
}
