
@InProceedings{ michael_beyeler-proc-scipy-2017,
  author    = { {M}ichael {B}eyeler and {G}eoffrey {M}. {B}oynton and {I}one {F}ine and {A}riel {R}okem },
  title     = { pulse2percept: {A} {P}ython-based simulation framework for bionic vision },
  booktitle = { {P}roceedings of the 16th {P}ython in {S}cience {C}onference },
  pages     = { 81 - 88 },
  year      = { 2017 },
  editor    = { {K}aty {H}uff and {D}avid {L}ippa and {D}illon {N}iederhut and {M} {P}acer },
  doi       = { 10.25080/shinma-7f4c6e7-00c }
}
