@Proceedings{ proc-scipy-2019,
  title     = { Proceedings of the 18th Python in Science Conference },
  booktitle = { Proceedings of the 18th Python in Science Conference },
  year      = { 2019 },
  editor    = { Chris Calloway and David Lippa and Dillon Niederhut and David Shupe },
  isbn      = { noisbn }
}
