
@InProceedings{ howard_bushouse-proc-scipy-2015,
  author    = { {H}oward {B}ushouse and {M}ichael {D}roettboom and {P}erry {G}reenfield },
  title     = { {T}he {J}ames {W}ebb {S}pace {T}elescope {D}ata {C}alibration {P}ipeline },
  booktitle = { {P}roceedings of the 14th {P}ython in {S}cience {C}onference },
  pages     = { 43 - 47 },
  year      = { 2015 },
  editor    = { {K}athryn {H}uff and {J}ames {B}ergstra },
  doi       = { 10.25080/Majora-7b98e3ed-007 }
}
