@REPORT{Bifet2011DataStreamMining,
  AUTHOR = {Bifet, Albert and Holmes, Geoff and Kirkby, Richard and Pfahringer, Bernhard},
  YEAR = {2011},
  TITLE = {DATA STREAM MINING A Practical Approach},
  TYPE = {techreport},
}

@ARTICLE{Gama2014Survey,
  AUTHOR = {Gama, João and Zliobaite, Indre and Bifet, Albert and Pechenizkiy, Mykola and Bouchachia, Abdelhamid},
  YEAR = {2014},
  JOURNAL = {ACM Computing Surveys},
  NUMBER = {4},
  PAGES = {1--37},
  TITLE = {{A survey on concept drift adaptation}},
  VOLUME = {46},
  DOI = "10.1145/2523813",
}

@INPROCEEDINGS{Domingos2000HT,
  AUTHOR = {Domingos, Pedro and Hulten, Geoff},
  LOCATION = {Boston, Massachusetts, USA},
  PUBLISHER = {ACM},
  BOOKTITLE = {Proceedings of the Sixth ACM SIGKDD International Conference on Knowledge Discovery and Data Mining},
  YEAR = {2000},
  PAGES = {71--80},
  SERIES = {KDD '00},
  TITLE = {Mining High-speed Data Streams},
}

@INPROCEEDINGS{Bifet2007ADWIN,
  AUTHOR = {Bifet, Albert and Gavalda, Ricard},
  YEAR = {2007},
  BOOKTITLE = {Proceedings of the 2007 SIAM International Conference on Data Mining},
  PAGES = {443--448},
  TITLE = {{Learning from Time-Changing Data with Adaptive Windowing}},
  DOI = "10.1137/1.9781611972771.42",
}

@INPROCEEDINGS{Bifet2009HAT,
  AUTHOR = {Bifet, Albert and Gavalda, Ricard},
  YEAR = {2009},
  BOOKTITLE = {8th International Symposium on Intelligent Data Analysis},
  PAGES = {249--260},
  TITLE = {{Adaptive Learning from Evolving Data Streams}},
  DOI = "10.1007/978-3-642-03915-7_22",
}

@ARTICLE{dawid1984prequential,
  AUTHOR = {Dawid, A Philip},
  PUBLISHER = {JSTOR},
  YEAR = {1984},
  JOURNAL = {Journal of the Royal Statistical Society. Series A (General)},
  PAGES = {278--292},
  TITLE = {Present position and potential developments: Some personal views: Statistical theory: The prequential approach},
}

@ARTICLE{skmultiflow,
  AUTHOR = {Montiel, Jacob and Read, Jesse and Bifet, Albert and Abdessalem, Talel},
  YEAR = {2018},
  JOURNAL = {Journal of Machine Learning Research},
  PAGES = {1--5},
  TITLE = {{Scikit-Multiflow: A Multi-output Streaming Framework}},
  VOLUME = {19},
  NUMBER = {72},
  URL = {http://jmlr.org/papers/v19/18-251.html},
}

@Article{Matplotlib,
  Author    = {Hunter, J. D.},
  Title     = {Matplotlib: A 2D graphics environment},
  Journal   = {Computing in Science \& Engineering},
  year      = {2007},
  Volume    = {9},
  Number    = {3},
  Pages     = {90--95},
  abstract  = {Matplotlib is a 2D graphics package used for Python for
  application development, interactive scripting, and publication-quality
  image generation across user interfaces and operating systems.},
  publisher = {IEEE COMPUTER SOC},
  doi       = "10.1109/MCSE.2007.55",
}

@article{scikit-learn,
 title={Scikit-learn: Machine Learning in {P}ython},
 author={Pedregosa, F. and Varoquaux, G. and Gramfort, A. and Michel, V.
         and Thirion, B. and Grisel, O. and Blondel, M. and Prettenhofer, P.
         and Weiss, R. and Dubourg, V. and Vanderplas, J. and Passos, A. and
         Cournapeau, D. and Brucher, M. and Perrot, M. and Duchesnay, E.},
 journal={Journal of Machine Learning Research},
 volume={12},
 pages={2825--2830},
 year={2011},
}

@software{Pandas,
    author       = {The pandas development team},
    title        = {pandas-dev/pandas: Pandas},
    month        = feb,
    year         = 2020,
    publisher    = {Zenodo},
    version      = {latest},
    doi          = "10.5281/zenodo.3509134",
}

@ARTICLE{SciPy,
       author = {{Virtanen}, Pauli and {Gommers}, Ralf and {Oliphant},
         Travis E. and {Haberland}, Matt and {Reddy}, Tyler and
         {Cournapeau}, David and {Burovski}, Evgeni and {Peterson}, Pearu
         and {Weckesser}, Warren and {Bright}, Jonathan and {van der Walt},
         St{\'e}fan J.  and {Brett}, Matthew and {Wilson}, Joshua and
         {Jarrod Millman}, K.  and {Mayorov}, Nikolay and {Nelson}, Andrew
         R.~J. and {Jones}, Eric and {Kern}, Robert and {Larson}, Eric and
         {Carey}, CJ and {Polat}, {\.I}lhan and {Feng}, Yu and {Moore},
         Eric W. and {Vand erPlas}, Jake and {Laxalde}, Denis and
         {Perktold}, Josef and {Cimrman}, Robert and {Henriksen}, Ian and
         {Quintero}, E.~A. and {Harris}, Charles R and {Archibald}, Anne M.
         and {Ribeiro}, Ant{\^o}nio H. and {Pedregosa}, Fabian and
         {van Mulbregt}, Paul and {Contributors}, SciPy 1. 0},
        title = "{SciPy 1.0: Fundamental Algorithms for Scientific
                  Computing in Python}",
      journal = {Nature Methods},
      year = "2020",
      volume={17},
      pages={261--272},
      adsurl = {https://rdcu.be/b08Wh},
      doi = "https://doi.org/10.1038/s41592-019-0686-2",
}

@ARTICLE{Numpy,
  author={S. {van der Walt} and S. C. {Colbert} and G. {Varoquaux}},
  journal={Computing in Science   Engineering}, 
  title={The NumPy Array: A Structure for Efficient Numerical Computation}, 
  year={2011},
  volume={13},
  number={2},
  pages={22-30},
  doi = "10.1109/MCSE.2011.37",
}

@ARTICLE{Cython,
    author={Behnel, S. and Bradshaw, R. and Citro, C. and Dalcin, L. and Seljebotn, D.S. and Smith, K.},
    journal={Computing in Science Engineering},
    title={Cython: The Best of Both Worlds},
    year={2011},
    month=march-april ,
    volume={13},
    number={2},
    pages={31 -39},
    doi="10.1109/MCSE.2010.118",
}

@article{Gomes2017,
  author = {Gomes, Heitor Murilo and Read, Jesse and Bifet, Albert and Barddal, Jean Paul and Gama, João},
  title = {Machine Learning for Streaming Data: State of the Art, Challenges, and Opportunities},
  year = {2019},
  issue_date = {December 2019},
  publisher = {Association for Computing Machinery},
  address = {New York, NY, USA},
  volume = {21},
  number = {2},
  issn = {1931-0145},
  journal = {SIGKDD Explor. Newsl.},
  pages = {6–22},
  numpages = {17},
  doi = "10.1145/3373464.3373470",
}

@inproceedings{kohavi1995cv,
  title={A study of cross-validation and bootstrap for accuracy estimation and model selection},
  author={Kohavi, Ron},
  booktitle={Proceedings of the Fourteenth International Joint Conference on Artificial Intelligence},
  volume={14},
  number={2},
  pages={1137--1145},
  year={1995},
}

@article{cohen1960coefficient,
  title={A coefficient of agreement for nominal scales},
  author={Cohen, Jacob},
  journal={Educational and psychological measurement},
  volume={20},
  number={1},
  pages={37--46},
  year={1960},
  publisher={Sage Publications Sage CA: Thousand Oaks, CA},
  doi ="10.1177/001316446002000104",
}

@INPROCEEDINGS{cao2019,
  author={Hung Cao and Monica Wachowicz},
  booktitle={2019 Sixth International Conference on Internet of Things: Systems, Management and Security (IOTSMS)}, 
  title={Analytics Everywhere for Streaming IoT Data}, 
  year={2019},
  pages={18-25},
  doi ="10.1109/IOTSMS48152.2019.8939171",
}