
@InProceedings{ jacob_montiel-proc-scipy-2020,
  author    = { {J}acob {M}ontiel },
  title     = { {L}earning from evolving data streams },
  booktitle = { {P}roceedings of the 19th {P}ython in {S}cience {C}onference },
  pages     = { 70 - 77 },
  year      = { 2020 },
  editor    = { {M}eghann {A}garwal and {C}hris {C}alloway and {D}illon {N}iederhut and {D}avid {S}hupe },
  doi       = { 10.25080/Majora-342d178e-00a }
}
