
@InProceedings{ brian_mcfee-proc-scipy-2015,
  author    = { {B}rian {M}c{F}ee and {C}olin {R}affel and {D}awen {L}iang and {D}aniel {P}.{W}. {E}llis and {M}att {M}c{V}icar and {E}ric {B}attenberg and {O}riol {N}ieto },
  title     = { librosa: {A}udio and {M}usic {S}ignal {A}nalysis in {P}ython },
  booktitle = { {P}roceedings of the 14th {P}ython in {S}cience {C}onference },
  pages     = { 18 - 24 },
  year      = { 2015 },
  editor    = { {K}athryn {H}uff and {J}ames {B}ergstra },
  doi       = { 10.25080/Majora-7b98e3ed-003 }
}
