
@InProceedings{ david_shupe-proc-scipy-2018,
  author    = { {D}avid {S}hupe and {F}rank {M}asci and {R}uss {L}aher and {B}en {R}usholme and {L}ee {A}rmus },
  title     = { {P}ractical {A}pplications of {A}stropy },
  booktitle = { {P}roceedings of the 17th {P}ython in {S}cience {C}onference },
  pages     = { 41 - 47 },
  year      = { 2018 },
  editor    = { {F}atih {A}kici and {D}avid {L}ippa and {D}illon {N}iederhut and {M} {P}acer },
  doi       = { 10.25080/Majora-4af1f417-006 }
}
