

@ARTICLE{astropy2013,
       author = {{Astropy Collaboration} and {Robitaille}, Thomas P. and {Tollerud}, Erik
        J. and {Greenfield}, Perry and {Droettboom}, Michael and {Bray},
        Erik and {Aldcroft}, Tom and {Davis}, Matt and {Ginsburg}, Adam
        and {Price-Whelan}, Adrian M. and {Kerzendorf}, Wolfgang E. and
        {Conley}, Alexander and {Crighton}, Neil and {Barbary}, Kyle and
        {Muna}, Demitri and {Ferguson}, Henry and {Grollier},
        Fr{\'e}d{\'e}ric and {Parikh}, Madhura M. and {Nair}, Prasanth
        H. and {Unther}, Hans M. and {Deil}, Christoph and {Woillez},
        Julien and {Conseil}, Simon and {Kramer}, Roban and {Turner},
        James E.~H. and {Singer}, Leo and {Fox}, Ryan and {Weaver},
        Benjamin A. and {Zabalza}, Victor and {Edwards}, Zachary I. and
        {Azalee Bostroem}, K. and {Burke}, D.~J. and {Casey}, Andrew R.
        and {Crawford}, Steven M. and {Dencheva}, Nadia and {Ely},
        Justin and {Jenness}, Tim and {Labrie}, Kathleen and {Lim}, Pey
        Lian and {Pierfederici}, Francesco and {Pontzen}, Andrew and
        {Ptak}, Andy and {Refsdal}, Brian and {Servillat}, Mathieu and
        {Streicher}, Ole},
        title = "{Astropy: A community Python package for astronomy}",
      journal = {Astronomy and Astrophysics},
     keywords = {methods: data analysis, methods: miscellaneous, virtual observatory
        tools, Astrophysics - Instrumentation and Methods for
        Astrophysics},
         year = 2013,
        month = Oct,
       volume = {558},
          eid = {A33},
        pages = {A33},
          doi = {10.1051/0004-6361/201322068},
       adsurl = {https://ui.adsabs.harvard.edu/#abs/2013A&A...558A..33A},
      adsnote = {Provided by the SAO/NASA Astrophysics Data System}
}

@ARTICLE{astropy2018,
       author = {{The Astropy Collaboration} and {Price-Whelan}, A.~M. and
        {Sip{\'{o}}cz}, B.~M. and {G{\"u}nther}, H.~M. and {Lim}, P.~L.
        and {Crawford}, S.~M. and {Conseil}, S. and {Shupe}, D.~L. and
        {Craig}, M.~W. and {Dencheva}, N. and {Ginsburg}, A. and
        {VanderPlas}, J.~T. and {Bradley}, L.~D. and {P{\'e}rez-
        Su{\'a}rez}, D. and {de Val-Borro}, M. and {Aldcroft}, T.~L. and
        {Cruz}, K.~L. and {Robitaille}, T.~P. and {Tollerud}, E.~J. and
        {Ardelean}, C. and {Babej}, T. and {Bachetti}, M. and {Bakanov},
        A.~V. and {Bamford}, S.~P. and {Barentsen}, G. and {Barmby}, P.
        and {Baumbach}, A. and {Berry}, K.~L. and {Biscani}, F. and
        {Boquien}, M. and {Bostroem}, K.~A. and {Bouma}, L.~G. and
        {Brammer}, G.~B. and {Bray}, E.~M. and {Breytenbach}, H. and
        {Buddelmeijer}, H. and {Burke}, D.~J. and {Calderone}, G. and
        {Cano Rodr{\'\i}guez}, J.~L. and {Cara}, M. and {Cardoso},
        J.~V.~M. and {Cheedella}, S. and {Copin}, Y. and {Crichton}, D.
        and {D{\'A}vella}, D. and {Deil}, C. and {Depagne}, {\'E}. and
        {Dietrich}, J.~P. and {Donath}, A. and {Droettboom}, M. and
        {Earl}, N. and {Erben}, T. and {Fabbro}, S. and {Ferreira},
        L.~A. and {Finethy}, T. and {Fox}, R.~T. and {Garrison}, L.~H.
        and {Gibbons}, S.~L.~J. and {Goldstein}, D.~A. and {Gommers}, R.
        and {Greco}, J.~P. and {Greenfield}, P. and {Groener}, A.~M. and
        {Grollier}, F. and {Hagen}, A. and {Hirst}, P. and {Homeier}, D.
        and {Horton}, A.~J. and {Hosseinzadeh}, G. and {Hu}, L. and
        {Hunkeler}, J.~S. and {Ivezi{\'c}}, {\v{Z}}. and {Jain}, A. and
        {Jenness}, T. and {Kanarek}, G. and {Kendrew}, S. and {Kern},
        N.~S. and {Kerzendorf}, W.~E. and {Khvalko}, A. and {King}, J.
        and {Kirkby}, D. and {Kulkarni}, A.~M. and {Kumar}, A. and
        {Lee}, A. and {Lenz}, D. and {Littlefair}, S.~P. and {Ma}, Z.
        and {Macleod}, D.~M. and {Mastropietro}, M. and {McCully}, C.
        and {Montagnac}, S. and {Morris}, B.~M. and {Mueller}, M. and
        {Mumford}, S.~J. and {Muna}, D. and {Murphy}, N.~A. and
        {Nelson}, S. and {Nguyen}, G.~H. and {Ninan}, J.~P. and
        {N{\"o}the}, M. and {Ogaz}, S. and {Oh}, S. and {Parejko}, J.~K.
        and {Parley}, N. and {Pascual}, S. and {Patil}, R. and {Patil},
        A.~A. and {Plunkett}, A.~L. and {Prochaska}, J.~X. and
        {Rastogi}, T. and {Reddy Janga}, V. and {Sabater}, J. and
        {Sakurikar}, P. and {Seifert}, M. and {Sherbert}, L.~E. and
        {Sherwood-Taylor}, H. and {Shih}, A.~Y. and {Sick}, J. and
        {Silbiger}, M.~T. and {Singanamalla}, S. and {Singer}, L.~P. and
        {Sladen}, P.~H. and {Sooley}, K.~A. and {Sornarajah}, S. and
        {Streicher}, O. and {Teuben}, P. and {Thomas}, S.~W. and
        {Tremblay}, G.~R. and {Turner}, J.~E.~H. and {Terr{\'o}n}, V.
        and {van Kerkwijk}, M.~H. and {de la Vega}, A. and {Watkins},
        L.~L. and {Weaver}, B.~A. and {Whitmore}, J.~B. and {Woillez},
        J. and {Zabalza}, V.},
        title = "{The Astropy Project: Building an inclusive, open-science project and
        status of the v2.0 core package}",
      journal = {ArXiv e-prints},
     keywords = {Astrophysics - Instrumentation and Methods for Astrophysics},
         year = 2018,
        month = Jan,
          eid = {arXiv:1801.02634},
        pages = {arXiv:1801.02634},
archivePrefix = {arXiv},
       eprint = {1801.02634},
       adsurl = {https://ui.adsabs.harvard.edu/#abs/2018arXiv180102634T},
      adsnote = {Provided by the SAO/NASA Astrophysics Data System}
}

@INPROCEEDINGS{Bertin2006,
   author = {{Bertin}, E.},
    title = "{Automatic Astrometric and Photometric Calibration with SCAMP}",
booktitle = {Astronomical Data Analysis Software and Systems XV},
     year = 2006,
   series = {Astronomical Society of the Pacific Conference Series},
   volume = 351,
   editor = {{Gabriel}, C. and {Arviset}, C. and {Ponz}, D. and {Enrique}, S.
    },
    month = jul,
    pages = {112},
   adsurl = {http://adsabs.harvard.edu/abs/2006ASPC..351..112B},
  adsnote = {Provided by the SAO/NASA Astrophysics Data System}
}

@ARTICLE{laher_robotics2017,
       author = {{Laher}, Russ R. and {Masci}, Frank J. and {Groom}, Steve and
        {Rusholme}, Benjamin and {Shupe}, David L. and {Jackson}, Ed and
        {Surace}, Jason and {Flynn}, Dave and {Landry}, Walter and
        {Terek}, Scott and {Helou}, George and {Beck}, Ron and
        {Hacopians}, Eugean and {Rebbapragada}, Umaa and {Bue}, Brian
        and {Smith}, Roger M. and {Dekany}, Richard G. and {Miller},
        Adam A. and {Cenko}, S.~B. and {Bellm}, Eric and {Patterson},
        Maria and {Kupfer}, Thomas and {Yan}, Lin and {Barlow}, Tom and
        {Graham}, Matthew and {Kasliwal}, Mansi M. and {Prince}, Thomas
        A. and {Kulkarni}, Shrinivas R.},
        title = "{Processing Images from the Zwicky Transient Facility}",
      journal = {RTSE Conference Proceedings},
     keywords = {Astrophysics - Instrumentation and Methods for Astrophysics},
         year = 2018,
        month = June,
          eid = {arXiv:1708.01584},
archivePrefix = {arXiv},
       eprint = {1708.01584},
       adsurl = {https://ui.adsabs.harvard.edu/#abs/2017arXiv170801584L},
      adsnote = {Provided by the SAO/NASA Astrophysics Data System}
}


@ARTICLE{ztf_data_system2018,
         author = {Masci, F.~J. and Laher, R.~L. and Rusholme, B. and Shupe, D.~L.
         and Groom, S. and Surace, J. and Jackson, E. and Monkewitz, S. and Beck, R.
         and Flynn, D. and Terek, S. and Landry, W. and Hacopians, E. and Desai, V.
         and Howell, J. and Brooke, T. and Imel, D. and Wachter, S. and Ye, Q. and
        Lin, H. and Cenko, B. and Cunningham, G. and Rebbapragada, U. and Bue, B.
        and Miller, A.~A. and Mahabal, M. and Bellm, E.~C. and Patterson, M. and
        Walters, R. and Graham, M. and Kasliwal, M.~M. and Dekany, R.~G. and
        Kupfer, T. and Barlow, T. and van Sistine, A. and Riddle, R. and Smith, R.~M.
        and Helou, G. and Prince, T.~A. and Kulkarni, S.~R.},
        title = "{The Zwicky Transient Facility: Data Processing, Products, and Archive}",
        year = 2018,
}

@ARTICLE{wcs_paper_ii,
   author = {{Calabretta}, M.~R. and {Greisen}, E.~W.},
    title = "{Representations of celestial coordinates in FITS}",
  journal = {Astronomy and Astrophysics},
   eprint = {astro-ph/0207413},
 keywords = {methods: data analysis, techniques: image processing, astronomical data bases: miscellaneous, astrometry},
     year = 2002,
    month = dec,
   volume = 395,
    pages = {1077-1122},
      doi = {10.1051/0004-6361:20021327},
   adsurl = {http://adsabs.harvard.edu/abs/2002A%26A...395.1077C},
  adsnote = {Provided by the SAO/NASA Astrophysics Data System}
}

@ARTICLE{Planck_2015_cosmology,
       author = {{Planck Collaboration} and {Ade}, P.~A.~R. and {Aghanim}, N. and
        {Arnaud}, M. and {Ashdown}, M. and {Aumont}, J. and
        {Baccigalupi}, C. and {Banday}, A.~J. and {Barreiro}, R.~B. and
        {Bartlett}, J.~G. and {Bartolo}, N. and {Battaner}, E. and
        {Battye}, R. and {Benabed}, K. and {Beno{\^\i}t}, A. and
        {Benoit-L{\'e}vy}, A. and {Bernard}, J. -P. and {Bersanelli}, M.
        and {Bielewicz}, P. and {Bock}, J.~J. and {Bonaldi}, A. and
        {Bonavera}, L. and {Bond}, J.~R. and {Borrill}, J. and
        {Bouchet}, F.~R. and {Boulanger}, F. and {Bucher}, M. and
        {Burigana}, C. and {Butler}, R.~C. and {Calabrese}, E. and
        {Cardoso}, J. -F. and {Catalano}, A. and {Challinor}, A. and
        {Chamballu}, A. and {Chary}, R. -R. and {Chiang}, H.~C. and
        {Chluba}, J. and {Christensen}, P.~R. and {Church}, S. and
        {Clements}, D.~L. and {Colombi}, S. and {Colombo}, L.~P.~L. and
        {Combet}, C. and {Coulais}, A. and {Crill}, B.~P. and {Curto},
        A. and {Cuttaia}, F. and {Danese}, L. and {Davies}, R.~D. and
        {Davis}, R.~J. and {de Bernardis}, P. and {de Rosa}, A. and {de
        Zotti}, G. and {Delabrouille}, J. and {D{\'e}sert}, F. -X. and
        {Di Valentino}, E. and {Dickinson}, C. and {Diego}, J.~M. and
        {Dolag}, K. and {Dole}, H. and {Donzelli}, S. and {Dor{\'e}}, O.
        and {Douspis}, M. and {Ducout}, A. and {Dunkley}, J. and
        {Dupac}, X. and {Efstathiou}, G. and {Elsner}, F. and
        {En{\ss}lin}, T.~A. and {Eriksen}, H.~K. and {Farhang}, M. and
        {Fergusson}, J. and {Finelli}, F. and {Forni}, O. and {Frailis},
        M. and {Fraisse}, A.~A. and {Franceschi}, E. and {Frejsel}, A.
        and {Galeotta}, S. and {Galli}, S. and {Ganga}, K. and
        {Gauthier}, C. and {Gerbino}, M. and {Ghosh}, T. and {Giard}, M.
        and {Giraud-H{\'e}raud}, Y. and {Giusarma}, E. and {Gjerl{\o}w},
        E. and {Gonz{\'a}lez-Nuevo}, J. and {G{\'o}rski}, K.~M. and
        {Gratton}, S. and {Gregorio}, A. and {Gruppuso}, A. and
        {Gudmundsson}, J.~E. and {Hamann}, J. and {Hansen}, F.~K. and
        {Hanson}, D. and {Harrison}, D.~L. and {Helou}, G. and {Henrot-
        Versill{\'e}}, S. and {Hern{\'a}ndez-Monteagudo}, C. and
        {Herranz}, D. and {Hildebrandt}, S.~R. and {Hivon}, E. and
        {Hobson}, M. and {Holmes}, W.~A. and {Hornstrup}, A. and
        {Hovest}, W. and {Huang}, Z. and {Huffenberger}, K.~M. and
        {Hurier}, G. and {Jaffe}, A.~H. and {Jaffe}, T.~R. and {Jones},
        W.~C. and {Juvela}, M. and {Keih{\"a}nen}, E. and {Keskitalo},
        R. and {Kisner}, T.~S. and {Kneissl}, R. and {Knoche}, J. and
        {Knox}, L. and {Kunz}, M. and {Kurki-Suonio}, H. and {Lagache},
        G. and {L{\"a}hteenm{\"a}ki}, A. and {Lamarre}, J. -M. and
        {Lasenby}, A. and {Lattanzi}, M. and {Lawrence}, C.~R. and
        {Leahy}, J.~P. and {Leonardi}, R. and {Lesgourgues}, J. and
        {Levrier}, F. and {Lewis}, A. and {Liguori}, M. and {Lilje},
        P.~B. and {Linden-V{\o}rnle}, M. and {L{\'o}pez-Caniego}, M. and
        {Lubin}, P.~M. and {Mac{\'\i}as-P{\'e}rez}, J.~F. and {Maggio},
        G. and {Maino}, D. and {Mandolesi}, N. and {Mangilli}, A. and
        {Marchini}, A. and {Maris}, M. and {Martin}, P.~G. and
        {Martinelli}, M. and {Mart{\'\i}nez-Gonz{\'a}lez}, E. and
        {Masi}, S. and {Matarrese}, S. and {McGehee}, P. and {Meinhold},
        P.~R. and {Melchiorri}, A. and {Melin}, J. -B. and {Mendes}, L.
        and {Mennella}, A. and {Migliaccio}, M. and {Millea}, M. and
        {Mitra}, S. and {Miville-Desch{\^e}nes}, M. -A. and {Moneti}, A.
        and {Montier}, L. and {Morgante}, G. and {Mortlock}, D. and
        {Moss}, A. and {Munshi}, D. and {Murphy}, J.~A. and {Naselsky},
        P. and {Nati}, F. and {Natoli}, P. and {Netterfield}, C.~B. and
        {N{\o}rgaard-Nielsen}, H.~U. and {Noviello}, F. and {Novikov},
        D. and {Novikov}, I. and {Oxborrow}, C.~A. and {Paci}, F. and
        {Pagano}, L. and {Pajot}, F. and {Paladini}, R. and {Paoletti},
        D. and {Partridge}, B. and {Pasian}, F. and {Patanchon}, G. and
        {Pearson}, T.~J. and {Perdereau}, O. and {Perotto}, L. and
        {Perrotta}, F. and {Pettorino}, V. and {Piacentini}, F. and
        {Piat}, M. and {Pierpaoli}, E. and {Pietrobon}, D. and
        {Plaszczynski}, S. and {Pointecouteau}, E. and {Polenta}, G. and
        {Popa}, L. and {Pratt}, G.~W. and {Pr{\'e}zeau}, G. and
        {Prunet}, S. and {Puget}, J. -L. and {Rachen}, J.~P. and
        {Reach}, W.~T. and {Rebolo}, R. and {Reinecke}, M. and
        {Remazeilles}, M. and {Renault}, C. and {Renzi}, A. and
        {Ristorcelli}, I. and {Rocha}, G. and {Rosset}, C. and
        {Rossetti}, M. and {Roudier}, G. and {Rouill{\'e} d'Orfeuil}, B.
        and {Rowan-Robinson}, M. and {Rubi{\~n}o-Mart{\'\i}n}, J.~A. and
        {Rusholme}, B. and {Said}, N. and {Salvatelli}, V. and
        {Salvati}, L. and {Sandri}, M. and {Santos}, D. and
        {Savelainen}, M. and {Savini}, G. and {Scott}, D. and
        {Seiffert}, M.~D. and {Serra}, P. and {Shellard}, E.~P.~S. and
        {Spencer}, L.~D. and {Spinelli}, M. and {Stolyarov}, V. and
        {Stompor}, R. and {Sudiwala}, R. and {Sunyaev}, R. and {Sutton},
        D. and {Suur-Uski}, A. -S. and {Sygnet}, J. -F. and {Tauber},
        J.~A. and {Terenzi}, L. and {Toffolatti}, L. and {Tomasi}, M.
        and {Tristram}, M. and {Trombetti}, T. and {Tucci}, M. and
        {Tuovinen}, J. and {T{\"u}rler}, M. and {Umana}, G. and
        {Valenziano}, L. and {Valiviita}, J. and {Van Tent}, F. and
        {Vielva}, P. and {Villa}, F. and {Wade}, L.~A. and {Wandelt},
        B.~D. and {Wehus}, I.~K. and {White}, M. and {White}, S.~D.~M.
        and {Wilkinson}, A. and {Yvon}, D. and {Zacchei}, A. and
        {Zonca}, A.},
        title = "{Planck 2015 results. XIII. Cosmological parameters}",
      journal = {Astronomy and Astrophysics},
     keywords = {cosmology: observations, cosmology: theory, cosmic background radiation,
        cosmological parameters, Astrophysics - Cosmology and
        Nongalactic Astrophysics},
         year = 2016,
        month = Sep,
       volume = {594},
          eid = {A13},
        pages = {A13},
          doi = {10.1051/0004-6361/201525830},
       adsurl = {https://ui.adsabs.harvard.edu/#abs/2016A&A...594A..13P},
      adsnote = {Provided by the SAO/NASA Astrophysics Data System}
}


@MISC{pysynphot,
   author = {{STScI Development Team}},
    title = "{pysynphot: Synthetic photometry software package}",
 keywords = {Software},
howpublished = {Astrophysics Source Code Library},
     year = 2013,
    month = mar,
archivePrefix = "ascl",
   eprint = {1303.023},
   adsurl = {http://adsabs.harvard.edu/abs/2013ascl.soft03023S},
  adsnote = {Provided by the SAO/NASA Astrophysics Data System}
}

@INPROCEEDINGS{Bradford_MRSS,
       author = {{Bradford}, Charles Matt and {Origins Space Telescope Study Team}},
        title = "{The Medium Resolution Survey Spectrometer (MRSS) for the Origins Space
        Telescope: Enabling 3-D Surveys of the Universe in the Far-IR.}",
    booktitle = {American Astronomical Society Meeting Abstracts},
         year = 2018,
        month = Jan,
       adsurl = {https://ui.adsabs.harvard.edu/#abs/2018AAS...23135548B},
      adsnote = {Provided by the SAO/NASA Astrophysics Data System}
}

@ARTICLE{unyts_2018,
   author = {{Goldbaum}, N.~J. and {ZuHone}, J.~A. and {Turk}, M.~J. and 
    {Kowalik}, K. and {Rosen}, A.~L.},
    title = "{unyt: Handle, manipulate, and convert data with units in Python}",
  journal = {ArXiv e-prints},
archivePrefix = "arXiv",
   eprint = {1806.02417},
 primaryClass = "astro-ph.IM",
 keywords = {Astrophysics - Instrumentation and Methods for Astrophysics},
     year = 2018,
    month = jun,
   adsurl = {http://adsabs.harvard.edu/abs/2018arXiv180602417G},
  adsnote = {Provided by the SAO/NASA Astrophysics Data System}
}

@INPROCEEDINGS{ztf_camera_2016,
       author = {{Dekany}, Richard and {Smith}, Roger M. and {Belicki}, Justin and
        {Delacroix}, Alexandre and {Duggan}, Gina and {Feeney}, Michael
        and {Hale}, David and {Kaye}, Stephen and {Milburn}, Jennifer
        and {Murphy}, Patrick and {Porter}, Michael and {Reiley}, Daniel
        J. and {Riddle}, Reed L. and {Rodriguez}, Hector and {Bellm},
        Eric C.},
        title = "{The Zwicky Transient Facility Camera}",
    booktitle = {Ground-based and Airborne Instrumentation for Astronomy VI},
         year = 2016,
       volume = {9908},
        month = Aug,
          eid = {99085M},
        pages = {99085M},
          doi = {10.1117/12.2234558},
       adsurl = {https://ui.adsabs.harvard.edu/#abs/2016SPIE.9908E..5MD},
      adsnote = {Provided by the SAO/NASA Astrophysics Data System}
}

@ARTICLE{gaia_dr1,
   author = {{Gaia Collaboration} and {Brown}, A.~G.~A. and {Vallenari}, A. and
    {Prusti}, T. and {de Bruijne}, J.~H.~J. and {Mignard}, F. and
    {Drimmel}, R. and {Babusiaux}, C. and {Bailer-Jones}, C.~A.~L. and
    {Bastian}, U. and et al.},
    title = "{Gaia Data Release 1. Summary of the astrometric, photometric, and survey properties}",
  journal = {Astronomy and Astrophysics},
archivePrefix = "arXiv",
   eprint = {1609.04172},
 primaryClass = "astro-ph.IM",
 keywords = {catalogs, astrometry, parallaxes, proper motions, surveys},
     year = 2016,
    month = nov,
   volume = 595,
      eid = {A2},
    pages = {A2},
      doi = {10.1051/0004-6361/201629512},
   adsurl = {http://adsabs.harvard.edu/abs/2016A%26A...595A...2G},
  adsnote = {Provided by the SAO/NASA Astrophysics Data System}
}

@ARTICLE{gaia_mission,
   author = {{Gaia Collaboration} and {Prusti}, T. and {de Bruijne}, J.~H.~J. and
    {Brown}, A.~G.~A. and {Vallenari}, A. and {Babusiaux}, C. and
    {Bailer-Jones}, C.~A.~L. and {Bastian}, U. and {Biermann}, M. and
    {Evans}, D.~W. and et al.},
    title = "{The Gaia mission}",
  journal = {Astronomy and Astrophysics},
archivePrefix = "arXiv",
   eprint = {1609.04153},
 primaryClass = "astro-ph.IM",
 keywords = {space vehicles: instruments, Galaxy: structure, astrometry, parallaxes, proper motions, telescopes},
     year = 2016,
    month = nov,
   volume = 595,
      eid = {A1},
    pages = {A1},
      doi = {10.1051/0004-6361/201629272},
   adsurl = {http://adsabs.harvard.edu/abs/2016A%26A...595A...1G},
  adsnote = {Provided by the SAO/NASA Astrophysics Data System}
}

@ARTICLE{ptf_2009,
       author = {{Law}, Nicholas M. and {Kulkarni}, Shrinivas R. and {Dekany}, Richard G.
        and {Ofek}, Eran O. and {Quimby}, Robert M. and {Nugent}, Peter
        E. and {Surace}, Jason and {Grillmair}, Carl C. and {Bloom},
        Joshua S. and {Kasliwal}, Mansi M. and {Bildsten}, Lars and
        {Brown}, Tim and {Cenko}, S. Bradley and {Ciardi}, David and
        {Croner}, Ernest and {Djorgovski}, S. George and {van Eyken},
        Julian and {Filippenko}, Alexei V. and {Fox}, Derek B. and {Gal-
        Yam}, Avishay and {Hale}, David and {Hamam}, Nouhad and {Helou},
        George and {Henning}, John and {Howell}, D. Andrew and
        {Jacobsen}, Janet and {Laher}, Russ and {Mattingly}, Sean and
        {McKenna}, Dan and {Pickles}, Andrew and {Poznanski}, Dovi and
        {Rahmer}, Gustavo and {Rau}, Arne and {Rosing}, Wayne and
        {Shara}, Michael and {Smith}, Roger and {Starr}, Dan and
        {Sullivan}, Mark and {Velur}, Viswa and {Walters}, Richard and
        {Zolkower}, Jeff},
        title = "{The Palomar Transient Factory: System Overview, Performance, and First
        Results}",
      journal = {Publications of the Astronomical Society of the Pacific},
     keywords = {Astrophysics - Instrumentation and Methods for Astrophysics,
        Astrophysics - Cosmology and Nongalactic Astrophysics},
         year = 2009,
        month = Dec,
       volume = {121},
        pages = {1395},
          doi = {10.1086/648598},
archivePrefix = {arXiv},
       eprint = {0906.5350},
       adsurl = {https://ui.adsabs.harvard.edu/#abs/2009PASP..121.1395L},
      adsnote = {Provided by the SAO/NASA Astrophysics Data System}
}


