
@InProceedings{ tyler_martin-proc-scipy-2018,
  author    = { {T}yler {B}. {M}artin and {T}homas {E}. {G}artner {I}{I}{I} and {R}onald {L}. {J}ones and {C}had {R}. {S}nyder and {A}rthi {J}ayaraman },
  title     = { {D}esign and {I}mplementation of py{P}{R}{I}{S}{M}: {A} {P}olymer {L}iquid-{S}tate {T}heory {F}ramework },
  booktitle = { {P}roceedings of the 17th {P}ython in {S}cience {C}onference },
  pages     = { 129 - 136 },
  year      = { 2018 },
  editor    = { {F}atih {A}kici and {D}avid {L}ippa and {D}illon {N}iederhut and {M} {P}acer },
  doi       = { 10.25080/Majora-4af1f417-013 }
}
