
@InProceedings{ braganca-proc-scipy-2013,
  author    = { {G}ustavo {B}ragan\c{c}a and {S}imone {D}aflon and {K}atia {C}unha and {T}homas {B}ensby and {S}ally {O}ey and {G}regory {W}alth },
  title     = { {U}sing {P}ython to {S}tudy {R}otational {V}elocity {D}istributions of {H}ot {S}tars },
  booktitle = { {P}roceedings of the 12th {P}ython in {S}cience {C}onference },
  pages     = { 27 - 31 },
  year      = { 2013 },
  editor    = { {S}t\'efan van der {W}alt and {J}arrod {M}illman and {K}aty {H}uff },
  doi       = { 10.25080/Majora-8b375195-005 }
}
