
@InProceedings{ trai-proc-scipy-2021,
  author    = { {M}arian-{L}eontin {P}op and {S}zilard {M}olnar and {A}lexandru {P}op and {B}enjamin {K}elenyi and {L}evente {T}amas and {A}ndrei {C}ozma },
  title     = { {C}{N}{N} {B}ased {T}o{F} {I}mage {P}rocessing },
  booktitle = { {P}roceedings of the 20th {P}ython in {S}cience {C}onference },
  pages     = { 148 - 153 },
  year      = { 2021 },
  editor    = { {M}eghann {A}garwal and {C}hris {C}alloway and {D}illon {N}iederhut and {D}avid {S}hupe },
  doi       = { 10.25080/majora-1b6fd038-013 }
}
