
@InProceedings{ sebastian_benthall-proc-scipy-2015,
  author    = { {S}ebastian {B}enthall },
  title     = { {T}esting {G}enerative {M}odels of {O}nline {C}ollaboration with {B}ig{B}ang },
  booktitle = { {P}roceedings of the 14th {P}ython in {S}cience {C}onference },
  pages     = { 175 - 181 },
  year      = { 2015 },
  editor    = { {K}athryn {H}uff and {J}ames {B}ergstra },
  doi       = { 10.25080/Majora-7b98e3ed-01b }
}
