
@InProceedings{ lee-proc-scipy-2011,
  author    = { {M}inwoo {L}ee and {C}harles {W}. {A}nderson and {M}ark {D}e{M}aria },
  title     = { {H}urricane {P}rediction with {P}ython },
  booktitle = { {P}roceedings of the 10th {P}ython in {S}cience {C}onference },
  pages     = { 58 - 62 },
  year      = { 2011 },
  editor    = { {S}t\'efan van der {W}alt and {J}arrod {M}illman },
  doi       = { 10.25080/Majora-ebaa42b7-00a }
}
