
@InProceedings{ andrew_fraser-proc-scipy-2016,
  author    = { {A}ndrew {M}. {F}raser and {S}tephen {A}. {A}ndrews },
  title     = { {F}unctional {U}ncertainty {C}onstrained by {L}aw and {E}xperiment },
  booktitle = { {P}roceedings of the 15th {P}ython in {S}cience {C}onference },
  pages     = { 7 - 14 },
  year      = { 2016 },
  editor    = { {S}ebastian {B}enthall and {S}cott {R}ostrup },
  doi       = { 10.25080/Majora-629e541a-001 }
}
