
@InProceedings{ joseph_hellerstein-proc-scipy-2017,
  author    = { {A}licia {C}lark and {J}oseph {L}. {H}ellerstein },
  title     = { {S}ci{S}heets: {P}roviding the {P}ower of {P}rogramming {W}ith {T}he {S}implicity of {S}preadsheets },
  booktitle = { {P}roceedings of the 16th {P}ython in {S}cience {C}onference },
  pages     = { 41 - 48 },
  year      = { 2017 },
  editor    = { {K}aty {H}uff and {D}avid {L}ippa and {D}illon {N}iederhut and {M} {P}acer },
  doi       = { 10.25080/shinma-7f4c6e7-007 }
}
