
@InProceedings{ koningterry-proc-scipy-2011,
  author    = { {M}atthew {T}erry and {J}oseph {K}oning },
  title     = { {A}utomation of {I}nertial {F}usion {T}arget {D}esign with {P}ython },
  booktitle = { {P}roceedings of the 10th {P}ython in {S}cience {C}onference },
  pages     = { 53 - 57 },
  year      = { 2011 },
  editor    = { {S}t\'efan van der {W}alt and {J}arrod {M}illman },
  doi       = { 10.25080/Majora-ebaa42b7-009 }
}
