
@InProceedings{ moudgalya-proc-scipy-2014,
  author    = { {K}annan {M}. {M}oudgalya },
  title     = { {C}ampaign for {I}{T} literacy through {F}{O}{S}{S} and {S}poken {T}utorials },
  booktitle = { {P}roceedings of the 13th {P}ython in {S}cience {C}onference },
  pages     = { 51 - 58 },
  year      = { 2014 },
  editor    = { {S}t\'efan van der {W}alt and {J}ames {B}ergstra },
  doi       = { 10.25080/Majora-14bd3278-009 }
}
