
@InProceedings{ poore-proc-scipy-2013,
  author    = { {G}eoffrey {M} {P}oore },
  title     = { {R}eproducible {D}ocuments with {P}ython{T}e{X} },
  booktitle = { {P}roceedings of the 12th {P}ython in {S}cience {C}onference },
  pages     = { 74 - 80 },
  year      = { 2013 },
  editor    = { {S}t\'efan van der {W}alt and {J}arrod {M}illman and {K}aty {H}uff },
  doi       = { 10.25080/Majora-8b375195-00d }
}
