
@InProceedings{ reikeras-proc-scipy-2010,
  author    = { {H}elge {R}eikeras and {B}en {H}erbst and {J}ohan du {P}reez and {H}erman {E}ngelbrecht },
  title     = { {A}udio-{V}isual {S}peech {R}ecognition using {S}ci{P}y },
  booktitle = { {P}roceedings of the 9th {P}ython in {S}cience {C}onference },
  pages     = { 85 - 91 },
  year      = { 2010 },
  editor    = { {S}t\'efan van der {W}alt and {J}arrod {M}illman },
  doi       = { 10.25080/Majora-92bf1922-010 }
}
