
@InProceedings{ fred_reiss-proc-scipy-2021,
  author    = { {F}rederick {R}eiss and {B}ryan {C}utler and {Z}achary {E}ichenberger },
  title     = { {N}atural {L}anguage {P}rocessing with {P}andas {D}ata{F}rames },
  booktitle = { {P}roceedings of the 20th {P}ython in {S}cience {C}onference },
  pages     = { 49 - 57 },
  year      = { 2021 },
  editor    = { {M}eghann {A}garwal and {C}hris {C}alloway and {D}illon {N}iederhut and {D}avid {S}hupe },
  doi       = { 10.25080/majora-1b6fd038-006 }
}
