@article{Peters2006,
  author = "R Peters",
  title = "Ageing and the brain",
  year = "2006",
  journal = "Postgraduate Medical Journal",
  volume = "82",
  number = "964",
  pages = "84--88",
  doi = "10.1136/pgmj.2005.036665",
}

@book{Wang2015,
  author = "Yi Wang",
  title = "Principles of Magnetic Resonance Imaging: Physics concepts, pulse sequences and biomedical applications",
  year = "2015",
}

@book{HBL2010,
  author = "Ray H Hashemi and William G {Bradley Jr.} and Christopher J Lisanti",
  title = "MRI: The Basics, Third edition",
  year = "2010",
  publisher = "Lippincott Williams \& Wilkins",
}

@book{Brodal2016,
  author = "Per Brodal",
  title = "The Central Nervous System, Fifth edition",
  year = "2016",
  publisher = "Oxford University Press",
}

@article{BWSWBKSDRH2011,
  author = "S {Baudrexel} and T {Witte} and C {Seifried} and F von {Wegner} and F {Beissner} and JC {Klein} and H {Steinmetz} and R {Deichmann} and J {Roeper} and R {Hilker}",
  title = "Resting state fMRI reveals increased subthalamic nucleus-motor cortex connectivity in Parkinson's disease",
  journal = "Neuroimage",
  year = "2011",
  volume = "55",
  number = "4",
  pages = "1728--1738",
  doi = "10.1016/j.neuroimage.2011.01.017",
}

@ARTICLE{BSSNSOV2018,
  author = "RG {Burciu} and RD {Seidler} and P {Shukla} and MA {Nalls} and AB {Singleton} and MS {Okun} and DE {Vaillancourt}",
  title = "Multimodal neuroimaging and behavioral assessment of a-synuclein polymorphism rs356219 in older adults",
  year = "2018",
  journal = "Neurobiol Aging",
  volume = "66",
  pages = "32--39",
  doi = "10.1016/j.neurobiolaging.2018.02.001",
}

@ARTICLE{LCLZFFPK2015,
  author = "Sidong {Liu} and Weidong {Cai} and Siqi {Liu} and Fan {Zhang} and Michael {Fulham} and Dagan {Feng} and Sonia {Pujol} and Ron {Kikinis}",
  title = "Multimodal neuroimaging computing: a review of the applications in neuropsychiatric disorders",
  year = "2015",
  journal = "Brain Inform",
  volume = "2",
  number = "3",
  pages = "167--180",
  doi = "10.1007/s40708-015-0019-x",
}

@ARTICLE{BDH2016,
  author = "F {DuBois Bowman} and Daniel F {Drake} and Daniel E {Huddleston}",
  title = "Multimodal Imaging Signatures of Parkinson's Disease",
  year = "2016",
  journal = "Frontiers Neuroscience",
  volume = "10",
  doi = "10.3389/fnins.2016.00131",
}

@ARTICLE{LMSACRMW2018,
  author = "Juliette H {Lanskey} and  Peter {McColgan} and Anette E {Schrag} and Julio {Acosta-Cabronero} and Geraint {Rees} and Huw R {Morris} and Rimona S {Weil}",
  title = "Can neuroimaging predict dementia in Parkinson’s disease?",
  journal = "Brain",
  volume = "141",
  number = "9",
  year = "2018",
  doi = "doi.org/10.1093/brain/awy211",
}

@ARTICLE{LWXGXKZ2012,
  author = "Dan {Long} and Jinwei {Wang} and Min {Xuan} and Quanquan {Gu} and Xiaojun {Xu} and Dexing {Kong} and Minming {Zhang}",
  title = "Automatic Classification of Early Parkinson's Disease with Multi-Modal MR Imaging",
  year = "2012",
  journal = "PLOS ONE",
  volume = "7",
  number = "11",
  doi = "doi.org/10.1371/journal.pone.0047714",
}

@ARTICLE{TBEDTEEE2015,
  author = "M {Tahmasian} and LM {Bettray} and T van {Eimeren} and A {Drzezga} and L {Timmermann} and CR {Eickhoff} and SB {Eickhoff} and C {Eggers}",
  title = "A systematic review on the applications of resting-state fMRI in Parkinson's disease: Does dopamine replacement therapy play a role?",
  year = "2015",
  journal = "Cortex",
  volume = "73",
  pages = "80--105",
  doi = "10.1016/j.cortex.2015.08.005",
}

@ARTICLE{LSCZCCYLHGS2014,
  author = "C {Luo} and W {Song} and Q {Chen} and Z {Zheng} and K {Chen} and B {Cao} and J {Yang} and J {Li} and X {Huang} and Q {Gong} and HF {Shang}",
  title = "Reduced functional connectivity in early-stage drug-naive Parkinson's disease: a resting-state fMRI study",
  year = "2014",
  volume = "35",
  number = "2",
  pages = "431--441",
  journal = "Neurobiol Aging",
  doi = "10.1016/j.neurobiolaging.2013.08.018",
}

@ARTICLE{GRSKMFZJHM2016,
  author = "L {Griffanti} and M {Rolinski} and K {Szewczyk-Krolikowski} and RA {Menke} and N {Filippini} and G {Zamboni} and M {Jenkinson} and MTM {Hu} and CE {Mackay}",
  title = "Challenges in the reproducibility of clinical studies with resting state fMRI: An example in early Parkinson's disease",
  year = "2016",
  journal = "Neuroimage",
  volume = "124(Pt A)",
  pages = "704--703",
  doi = "10.1016/j.neuroimage.2015.09.021",
}

@ARTICLE{BP2014,
  author = "J {Blesa} and S {Przedborski}",
  title = "Parkinson's disease: animal models and dopaminergic cell vulnerability",
  year = "2014",
  journal = "Frontiers Neuroanatomy",
  volume = "8",
  doi = "10.3389/fnana.2014.00155",
}

@ARTICLE{RST2014,
  author = "Amy {Reeve} and Eve {Simcox} and Doug {Turnbull}",
  title = "Ageing and Parkinson's disease: Why is advancing age the biggest risk factor?",
  year = "2014",
  journal = "Elsevier Sponsored Documents Ageing Research Reviews",
  volume = "14",
  number = "100",
  pages = "19--30",
  doi = "10.1016/j.arr.2014.01.004",
}

@ARTICLE{HBL2015,
  author = "Mikael {Henaff} and Joan {Bruna} and Yann {LeCun}",
  title = "Deep Convolutional Networks on Graph-Structured Data",
  year = "2015",
  journal = "arXiv",
}

@BOOK{M2009,
  author = "Stephane {Mallat}",
  title = "A Wavelet Tour of Signal Processing: The Sparse Way",
  year = "2009",
  publisher = "Academic Press",
  doi = "org/10.1016/B978-0-12-374370-1.X0001-8",
}

@PROCEEDINGS{CLCASSMBR1999,
  author = "Thomas E {Conturo} and Nicolas F {Lori} and Thomas S {Cull} and Erbil {Akbudak} and Abraham Z {Snyder} and Joshua S {Shimony} and Robert C {McKinstry} and Harold {Burton} and Marcus E {Raichle}",
  title = "Tracking neuronal fiber pathways in the living human brain",
  year = "1999",
  publisher = "Proceedings of the National Academy of Sciences of the United States of America",
  volume = "96",
  number = "18",
  doi = "10.1073/pnas.96.18.10422",
}

@ARTICLE{LWTJAM2003,
  author = "M {Lazar} and DM {Weinstein} and JS {Tsuruda} and KM {Hasan} and K {Arfanakis} and ME {Meyerand} and B {Badie} and HA {Rowley} and V {Haughton} and A {Field} and AL {Alexander}",
  title = "White matter tractography using diffusion tensor deflection",
  year = "2003",
  journal = "Hum. Brain Mapp.",
  volume = "18",
  pages = "306--321",
  doi = "10.1002/hbm.10102",
}

@ARTICLE{BPPDA2000,
  author = "PJ {Basser} and S {Pajevic} and C {Pierpaoli} and J {Duda} and A {Aldroubi}",
  title = "In vivo fiber tractography using DT-MRI data",
  year = "2000",
  journal = "Magn. Reson. Med.",
  volume = "44",
  pages = "625--632",
}

@ARTICLE{MCCZ1999,
  author = "S {Mori} and BJ {Crain} and VP {Chacko} and PC {van Zijl}",
  title = "Three-dimensional tracking of axonal projections in the brain by magnetic resonance imaging",
  year = "1999",
  journal = "Ann. Neurol.",
  volume = "45",
  pages = "265--269",
}

@ARTICLE{ZZWJJPNLYT2015,
  author = "Liang {Zhan} and Jiayu {Zhou} and Yalin {Wang} and Yan {Jin} and Neda {Jahanshad} and Gautam {Prasad} and Talia M {Nir} and Cassandra D {Leonardo} and Jieping {Ye} and Paul M {Thompson}",
  title = "Comparison of nine tractography algorithms for detecting abnormal structural brain networks in Alzheimer’s disease",
  journal = "Frontiers in Aging Neuroscience",
  volume = "7",
  number = "48",
  year = "2015",
  doi = "10.3389/fnagi.2015.00048",
}

@ARTICLE{KCR2016,
  author = "Vijay {Kumar BG} and Gustavo {Carneiro} and Ian {Reid}",
  title = "Learning Local Image Descriptors with Deep Siamese and Triplet Convolutional Networks by Minimizing Global Loss Functions",
  journal = "IEEE CVPR",
  pages = "5385–5394",
  year = "2016",
}

@Proceedings{KW2017,
  author = "Thomas N Kipf and Max Welling",
  title = "Semi-Supervised Classification with Graph Convolutional Networks",
  year = "2017",
  publisher = "ICLR",
}

@ARTICLE{BZSL2014,
  author = "Joan {Bruna} and Wojciech {Zaremba} and Arthur {Szlam} and Yann {LeCunn}",
  title = "Spectral Networks and Deep Locally Connected Networks on Graphs",
  year = "2014",
  journal = "arXiv",
}

@PROCEEDINGS{VCCRLB2018,
  author = "Petar {Velickovic} and Guillem {Cucurull} and Arantxa {Casanova} and Adriana {Romero} and Pietro {Lio} and Yoshua {Bengio}",
  title = "Graph Attention Networks",
  publisher = "ICLR",
  year = "2018",
}

@PROCEEDINGS{KPFRLGR2017,
  author = "Sofia Ira {Ktena} and Sarah {Parisot} and Enzo {Ferrante} and Martin {Rajchl} and Matthew {Lee} and Ben {Glocker} and Daniel {Rueckert}",
  title = "Distance Metric Learning using Graph Convolutional Networks: Application to Functional Brain Networks",
  year = "2017",
  editor = "M {Descoteaux} and L {Maier-Hein} and A {Franz} and P {Jannin} and D {Collins} and S {Duchesne}",
  publisher = "Springer, Cham",
  organization = "Medical Image Computing and Computer Assisted Intervention (MICCAI 2017)",
  series = "Lecture Notes in Computer Science",
  volume = "10433",
}

@ARTICLE{KPFRLGR2018,
  author = "Sofia Ira {Ktena} and Sarah {Parisot} and Enzo {Ferrante} and Martin {Rajchl} and Matthew {Lee} and Ben {Glocker} and Daniel {Rueckert}",
  title = "Metric learning with spectral graph convolutions on brain connectivity networks",
  year = "2018",
  journal = "NeuroImage",
  volume = "169",
  pages = "431–442",
  doi = "10.1016/j.neuroimage.2017.12.052",
}

@ARTICLE{SNFOV2013,
  author = "D I {Shuman} and S K {Narang} and P {Frossard} and A {Ortega} and P {Vandergheynst}",
  journal = "IEEE Signal Processing Magazine",
  title = "The emerging field of signal processing on graphs: Extending high-dimensional data analysis to networks and other irregular domains",
  year = "2013",
  volume = "30",
  number = "3",
  pages = "83--98",
  doi = "10.1109/MSP.2012.2235192",
}

@article{CMDWKHZLDR2016,
    title = "Cortical asymmetry in Parkinson's disease: early susceptibility of the left hemisphere",
    author = "Claassen, Daniel O and McDonell, Katherine E and Donahue, Rawal and Wylie, Neimat and Kang, Hakmook and Hedera, Peter and Zald, David and Landman, Bennett and Dawant, Benoit and Rane, Swati",
    publisher = "John Wiley and Sons Inc.",
    year = "2016",
    volume = "6",
    number = "12",
    doi = "10.1002/brb3.573",
}

@article{HKKJ1990,
  author = {Hartman, Eric J. and Keeler, James D. and Kowalski, Jacek M.},
  title = {Layered Neural Networks with Gaussian Hidden Units as Universal Approximations},
  journal = {Neural Computation},
  volume = {2},
  number = {2},
  pages = {210-215},
  year = {1990},
  doi = {10.1162/neco.1990.2.2.210},
}

@MISC{LZCY2017,
  editor = "Le {Lu} and Yefeng {Zheng} and Gustavo {Carneiro} and Lin {Yang}",
  publisher = "Springer, Advances in Computer Vision and Pattern Recognition",
  title = "Deep Learning and Convolutional Neural Networks for Medical Image Computing",
  year = "2017",
}

@ARTICLE{HVG2011,
  author = "David K {Hammond} and Pierre {Vandergheynst} and Re {mi Gribonval}",
  title = "Wavelets on graphs via spectral graph theory",
  journal = "Applied and Computational Harmonic Analysis",
  volume = "30",
  number = "2",
  pages = "129–150",
  year = "2011",
}

@PROCEEDINGS{KZS2015,
  author = "Gregory {Koch} and Richard {Zemel} and Ruslan {Salakhutdinov}",
  title = "Siamese Neural Networks for One-shot Image Recognition",
  journal = "Proceedings of the 32nd International Conference on Machine Learning",
  address = "Lille, France",
  year = "2015",
  publisher = "JMLR: W\&CP",
  volume = "37",
}

@ARTICLE{CJMRCMBD2017,
  author = "M {Cousineau} and PM {Jodoin} and FC {Morency} and V {Rozanski} and M {Grand’Maison} and BJ {Bedell} and M {Descoteaux}",
  year = "2017",
  title = "A test-retest study on Parkinson’s PPMI dataset yields statistically significant white matter fascicles",
  journal = "NeuroImage: Clinical",
  volume = "16",
  doi = "10.1016/j.nicl.2017.07.020",
}

@ARTICLE{GLHSA2014,
  author = "R {Geevarghese} and DE {Lumsden} and N {Hulse} and M {Samuel} and K {Ashkan}",
  year = "2014",
  title = "Subcortical structure volumes and correlation to clinical variables in Parkinson’s disease",
  journal = "Journal of Neuroimaging",
  volume = "25",
  number = "2",
  doi = "10.1111/jon.12095",
}

@ARTICLE{GGLVVZ2018,
  author = "K {Gmitterova} and J {Gawinecka} and F {Llorens} and D {Varges} and P {Valkovic} and I {Zerr}",
  year = "2018",
  title = "Cerebrospinal fluid markers analysis in the differential diagnosis of dementia with Lewy bodies and Parkinson’s disease dementia",
  journal = "European Archives of Psychiatry and Clinical Neuroscience",
  doi = "10.1007/s00406-018-0928-9",
}

@ARTICLE{HCSAAP2014,
  author = "RD {Hjelm} and V {Calhoun} and R {Salakhutdinov} and E {Allen} and T {Adali} and S {Plis}",
  year = "2014",
  title = "Restricted Boltzmann machines for neuroimaging: An application in identifying intrinsic networks",
  journal = "NeuroImage",
  volume = "96",
  doi = "10.1016/j.neuroimage.2014.03.048",
}

@ARTICLE{HDCLPC2018,
  author = "RD {Hjelm} and E {Damaraju} and K {Cho} and H {Laufs} and S {Plis} and V {Calhoun}",
  year = "2018",
  title = "Spatio-temporal Dynamics of Intrinsic Networks in Functional Magnetic Imaging Data Using Recurrent Neural Networks",
  journal = "Frontiers in Neuroscience",
  volume = "12",
  number = "600",
  doi = "10.3389/fnins.2018.00600",
}

@ARTICLE{KUHSMHBB2016,
  author = "J {Kleesiek} and G {Urban} and A {Hubert} and  D {Schwarz} and K {Maier-Hein} and M {Bendszus} and A {Biller}",
  year = "2016",
  title = "Deep MRI brain extraction: A 3D convolutional neural network for skull stripping",
  journal = "NeuroImage",
  volume = "129",
  doi = "10.1016/j.neuroimage.2016.01.024",
}

@PHDTHESIS{K2018,
  author = "K {Kumar}",
  year = "2018",
  title = "Data driven methods for characterizing individual differences in brain MRI",
  institution = "Ecole De Technologie Superieure Universite Du Quebec",
  doi = "10.13140/RG.2.2.12193.71525",
}

@ARTICLE{MLLAMWGSECES2018,
  author = "DC {Matthews} and H {Lerman} and A {Lukic} and RD {Andres} and A {Mirelman} and MN {Wenick} and N {Giladi} and SC {Strother} and KC {Evans} and JM {Cedarbaum} and E {Even-Sapir}",
  year = "2018",
  title = "FDG PET Parkinson’s disease-related pattern as a biomarker for clinical trials in early stage disease",
  journal = "NeuroImage: Clinical",
  doi = "10.1016/j.nicl.2018.08.006",
}

@PROCEEDINGS{ZHCLZW2018,
  author = "X Zhang and L He and K Chen and Y Luo and J Zhou and F Wang",
  year = "2018",
  title = "Multi-View Graph Convolutional Network and Its Applications on Neuroimage Analysis for Parkinson’s Disease",
  publisher = "AMIA Annual Symposium Proceedings Archive",
}

@ARTICLE{ZYHJZLWWZZLLH2018,
  author = "M Zhong and W Yang and B Huang and W Jiang and X Zhang and X Liu and L Wang and J Wang and L Zhao and Y Zhang and Y Liu and J Lin and R Huang",
  year = "2018",
  title = "Effects of levodopa therapy on voxel-based degree centrality in Parkinson’s disease",
  journal = "Brain Imaging and Behavior",
  doi = "10.1007/s11682-018-9936-7",
}
