
@InProceedings{ christian_mcdaniel-proc-scipy-2019,
  author    = { {C}hristian {M}c{D}aniel and {S}hannon {Q}uinn, {P}h{D} },
  title     = { {D}eveloping a {G}raph {C}onvolution-{B}ased {A}nalysis {P}ipeline for {M}ulti-{M}odal {N}euroimage {D}ata: {A}n {A}pplication to {P}arkinson's {D}isease },
  booktitle = { {P}roceedings of the 18th {P}ython in {S}cience {C}onference },
  pages     = { 42 - 49 },
  year      = { 2019 },
  editor    = { {C}hris {C}alloway and {D}avid {L}ippa and {D}illon {N}iederhut and {D}avid {S}hupe },
  doi       = { 10.25080/Majora-7ddc1dd1-006 }
}
