
@InProceedings{ dallin_skouson-proc-scipy-2020,
  author    = { {D}allin {S}kouson and {A}ndrew {K}eller and {M}ichael {W}irthlin },
  title     = { {N}etlist {A}nalysis and {T}ransformations {U}sing {S}py{D}r{N}et },
  booktitle = { {P}roceedings of the 19th {P}ython in {S}cience {C}onference },
  pages     = { 40 - 47 },
  year      = { 2020 },
  editor    = { {M}eghann {A}garwal and {C}hris {C}alloway and {D}illon {N}iederhut and {D}avid {S}hupe },
  doi       = { 10.25080/Majora-342d178e-006 }
}
