% Encoding: UTF-8
@inproceedings{Wilbers2009,
  author    = {Wilbers, Ilmar M. and Langtangen, Hans Petter and {\O}deg{\aa}rd, {\AA}smund},
  booktitle = {Proceedings of Mekit{\textquoteright}09},
  pages     = {495--512},
  title     = {Using Cython to Speed up Numerical Python Programs},
  year      = {2009},
}

@article{Widera2001,
  author    = {Widera, Manfred and Beierle, Christoph and others},
  publisher = {Fernuniv., Fachbereich Informatik},
  title     = {A Term Rewriting Scheme for Function Symbols with Variable Arity},
  year      = {2001},
}

@Article{Weinstock1960,
  author    = {Weinstock, Robert},
  title     = {Greatest Common Divisor of Several Integers and an Associated Linear Diophantine Equation},
  journal   = {The American Mathematical Monthly},
  year      = {1960},
  volume    = {67},
  number    = {7},
  month     = aug,
  pages     = {664},
  doi       = {10.2307/2310105},
  publisher = {{JSTOR}},
}

@incollection{Uno1997,
  author    = {Uno, Takeaki},
  booktitle = {Algorithms and Computation},
  doi       = {10.1007/3-540-63890-3_11},
  pages     = {92--101},
  publisher = {Springer Nature},
  title     = {Algorithms for Enumerating All Perfect, Maximum and Maximal Matchings in Bipartite Graphs},
  year      = {1997},
}

@Article{SymPy,
  author  = {Meurer, Aaron and Smith, Christopher P. and Paprocki, Mateusz and \v{C}ert\'{\i}k, Ond\v{r}ej and Kirpichev, Sergey B. and Rocklin, Matthew and Kumar, AMiT and Ivanov, Sergiu and Moore, Jason K. and Singh, Sartaj and Rathnayake, Thilina and Vig, Sean and Granger, Brian E. and Muller, Richard P. and Bonazzi, Francesco and Gupta, Harsh and Vats, Shivam and Johansson, Fredrik and Pedregosa, Fabian and Curry, Matthew J. and Terrel, Andy R. and Rou\v{c}ka, \v{S}t\v{e}p\'{a}n and Saboo, Ashutosh and Fernando, Isuru and Kulal, Sumith and Cimrman, Robert and Scopatz, Anthony},
  title   = {Sympy: Symbolic Computing in Python},
  journal = {Peerj Computer Science},
  year    = {2017},
  volume  = {3},
  month   = jan,
  pages   = {e103},
  issn    = {2376-5992},
  doi     = {10.7717/peerj-cs.103},
}

@inbook{Swift,
  booktitle    = {The Swift Programming Language (swift 3.0.1)},
  howpublished = {\textsc{url:} \url{https://swift.org/}},
  publisher    = {Apple Inc.},
  title        = {Patterns},
  year         = {2017},
}

@article{Stickel1981,
  acmid      = {322262},
  address    = {New York, NY, USA},
  author     = {Stickel, Mark E.},
  doi        = {10.1145/322261.322262},
  issn       = {0004-5411},
  issue_date = {July 1981},
  journal    = {J. Acm},
  number     = {3},
  numpages   = {12},
  pages      = {423--434},
  publisher  = {ACM},
  title      = {A Unification Algorithm for Associative-commutative Functions},
  volume     = {28},
  year       = {1981},
}

@Article{Steyaert1983,
  author    = {Steyaert, Jean-Marc and Flajolet, Philippe},
  title     = {Patterns and Pattern-matching in Trees: An Analysis},
  journal   = {Information and Control},
  year      = {1983},
  volume    = {58},
  number    = {1-3},
  month     = jul,
  pages     = {19--58},
  doi       = {10.1016/s0019-9958(83)80056-4},
  publisher = {Elsevier {BV}},
}

@book{Stanley2011,
  author    = {Stanley, Richard P.},
  date      = {2011-11-30},
  ean       = {9781107602625},
  isbn      = {1107602629},
  pagetotal = {642},
  publisher = {Cambridge University Press},
  title     = {Enumerative Combinatorics: Volume 1},
  year      = {2011},
}

@Article{Smarandache2000,
  author = {Smarandache, Florentin},
  title  = {Integer Algorithms to Solve Diophantine Linear Equations and Systems},
  year   = {2000},
  month  = oct,
}

@techreport{Scala,
  address     = {Lausanne, Switzerland},
  author      = {Odersky, Martin and al.},
  institution = {EPFL},
  number      = {IC/2004/64},
  title       = {An {O}verview of the {S}cala {P}rogramming {L}anguage},
  year        = {2004},
}

@inbook{Rust,
  booktitle    = {The Rust Programming Language},
  chapter      = {4.15},
  editor       = {Steve Klabnik},
  howpublished = {\textsc{url:} \url{https://doc.rust-lang.org/stable/book/}},
  publisher    = {Mozilla Research},
  title        = {Patterns},
  year         = {2017},
}

@Article{Ruskey2009,
  author    = {Ruskey, Frank and Williams, Aaron},
  title     = {The Coolest Way to Generate Combinations},
  journal   = {Discrete Mathematics},
  year      = {2009},
  volume    = {309},
  number    = {17},
  month     = sep,
  pages     = {5305--5320},
  doi       = {10.1016/j.disc.2007.11.048},
  publisher = {Elsevier {BV}},
}

@TechReport{Robie2017,
  author       = {Robie, Jonathan and Dyck, Michael and Spiegel, Josh},
  title        = {{XML} Path Language ({XPath}) {3.1}},
  institution  = {W3C},
  year         = {2017},
  type         = {{W3C} Recommendation},
  month        = mar,
  howpublished = {\textsc{url:} \url{https://www.w3.org/TR/2017/REC-xpath-31-20170321/}},
}

@TechReport{Rivoal2017,
  author       = {Rivoal, Florian and Jr., Tab Atkins and Etemad, Elika},
  title        = {{CSS} Snapshot {2017}},
  institution  = {W3C},
  year         = {2017},
  type         = {{W3C} Note},
  month        = jan,
  howpublished = {\textsc{url:} \url{https://www.w3.org/TR/2017/NOTE-css-2017-20170131/}},
}

@incollection{Ramesh1988,
  author    = {Ramesh, R. and Ramakrishnan, I. V.},
  booktitle = {Automata, Languages and Programming},
  doi       = {10.1007/3-540-19488-6_135},
  pages     = {473--488},
  publisher = {Springer Nature},
  title     = {Nonlinear Pattern Matching in Trees},
  year      = {1988},
}

@article{Ramachandran2006,
  author = {Ramachandran, Parthasarathy},
  isbn   = {3540360751},
  issn   = {0302-9743},
  pages  = {182--192},
  title  = {{Use of Extended Euclidean Algorithm in Solving a System of Linear Diophantine Equations}},
  year   = {2006},
}

@techreport{Racket,
  author       = {Flatt, Matthew and PLT},
  howpublished = {\textsc{url:} \url{https://racket-lang.org/tr1/}},
  institution  = {PLT Design Inc.},
  number       = {PLT-TR-2010-1},
  title        = {Reference: Racket},
  year         = {2010},
}

@article{Prolog,
  author  = {Wielemaker, Jan and Schrijvers, Tom and Triska, Markus and Lager, Torbj{\"o}rn},
  issn    = {1471-0684},
  journal = {Theory and Practice of Logic Programming},
  number  = {1-2},
  pages   = {67--96},
  title   = {{SWI-Prolog}},
  volume  = {12},
  year    = {2012},
}

@Article{Peterson1981,
  author    = {Peterson, Gerald E. and Stickel, Mark E.},
  title     = {Complete Sets of Reductions for Some Equational Theories},
  journal   = {Journal of the {ACM}},
  year      = {1981},
  volume    = {28},
  number    = {2},
  month     = apr,
  pages     = {233--264},
  doi       = {10.1145/322248.322251},
  publisher = {Association for Computing Machinery ({ACM})},
}

@Article{Page2012,
  author    = {Page, Daniel R.},
  title     = {Generalized Algorithm for Restricted Weak Composition Generation},
  journal   = {Journal of Mathematical Modelling and Algorithms in Operations Research},
  year      = {2012},
  volume    = {12},
  number    = {4},
  month     = jul,
  pages     = {345--372},
  doi       = {10.1007/s10852-012-9194-4},
  publisher = {Springer Nature},
}

@inbook{Nedjah1997,
  author    = {Nedjah, Nadia and Walter, Colin D. and Eldridge, Stephen E.},
  booktitle = {Algebraic and Logic Programming: 6\textsuperscript{th} International Joint Conference Alp '97 --- Hoa '97 Southampton, Uk, September 3--5, 1997 Proceedings},
  doi       = {10.1007/BFb0027016},
  editor    = {Hanus, Michael and Heering, Jan and Meinke, Karl},
  isbn      = {978-3-540-69555-4},
  pages     = {273--286},
  title     = {Optimal Left-to-right Pattern-matching Automata},
  year      = {1997},
}

@inbook{Moreau2003,
  author    = {Moreau, Pierre-Etienne and Ringeissen, Christophe and Vittek, Marian},
  booktitle = {Compiler Construction: 12\textsuperscript{th} International Conference, Cc 2003 Held As Part of the Joint European Conferences on Theory and Practice of Software, Etaps 2003 Warsaw, Poland, April 7--11, 2003 Proceedings},
  doi       = {10.1007/3-540-36579-6_5},
  editor    = {Hedin, G{\"o}rel},
  isbn      = {978-3-540-36579-2},
  pages     = {61--76},
  title     = {A Pattern Matching Compiler for Multiple Target Languages},
  year      = {2003},
}

@phdthesis{Moreau1999,
  address      = {Nancy 1, France},
  author       = {Moreau, Pierre-{{\'{E}}}tienne},
  howpublished = {\textsc{url:} \url{http://www.loria.fr/\x{02dc}moreau/these.html}},
  institution  = {Universit\'{e} Henri Poincar\'{e}},
  title        = {Compilation De R{\`{e}}gles De R{\'{e}}{\'{e}}criture Et De Strat{\'{e}}gies Non-d{\'{e}}terministes},
  year         = {1999},
}

@inproceedings{Moreau1998a,
  address      = {Pisa, Italy},
  author       = {Moreau, Pierre-Etienne and Kirchner, H{\'e}l{\`e}ne},
  booktitle    = {{ALP/PLILP: Principles of Declarative Programming}},
  organization = {{Palamidessi, C. \& Glaser, H. \& Meinke, K.}},
  pages        = {230--249},
  series       = {Lecture Notes in Computer Science},
  title        = {{A Compiler for Rewrite Programs in Associative-Commutative Theories}},
  volume       = {1490},
  year         = {1998},
}

@inproceedings{Moreau1998,
  author    = {Moreau, Pierre-Etienne},
  booktitle = {Proceedings of the Jicslp-98 Workshop on Implementation Technologies for Programming Languages Based on Logic},
  pages     = {16--31},
  title     = {A Choice-point Library for Backtrack Programming},
  year      = {1998},
}

@book{MKL,
  note      = {Revision 011},
  publisher = {Intel Corporation},
  title     = {Developer Reference for Intel{\textregistered} Math Kernel Library 2017},
  year      = {2017},
}

@book{Menezes1996,
  address   = {Boca Raton, FL, USA},
  author    = {Menezes, Alfred J. and Vanstone, Scott A. and Oorschot, Paul C. Van},
  edition   = {1\textsuperscript{st}},
  isbn      = {0849385237},
  publisher = {CRC Press, Inc.},
  title     = {Handbook of Applied Cryptography},
  year      = {1996},
}

@software{Mathematica,
  author  = {Wolfram Research, Inc.},
  note    = {\\URL: \url{https://www.wolfram.com}},
  title   = {Mathematica},
  version = {11.0},
  year    = {2016},
}

@InProceedings{Marin2003a,
  author    = {Marin, Mircea and Tepeneu, Dorin},
  title     = {Programming with Sequence Variables: The Sequentica Package},
  booktitle = {Challenging the Boundaries of Symbolic Computation},
  year      = {2003},
  publisher = {World Scientific Pub Co Pte Lt},
  month     = jun,
  doi       = {10.1142/9781848161313_0003},
}

@inproceedings{Marin2003,
  author    = {Marin, Mircea and Kutsia, Temur},
  booktitle = {Proc. of the 4\textsuperscript{th} Int. Workshop on the Implementation of Logics (wil'03)},
  pages     = {55--69},
  title     = {On the Implementation of a Rule-based Programming System and Some of Its Applications},
  year      = {2003},
}

@inproceedings{Maranget2008,
  author    = {Maranget, Luc},
  booktitle = {Proceedings of the 2008 {ACM} {SIGPLAN} Workshop on {ML} - {ML} {'}08},
  doi       = {10.1145/1411304.1411311},
  publisher = {Association for Computing Machinery ({ACM})},
  title     = {Compiling Pattern Matching to Good Decision Trees},
  year      = {2008},
}

@Article{Lugiez1994,
  author    = {Lugiez, D. and Moysset, J. L.},
  title     = {Tree Automata Help One to Solve Equational Formulae in {AC}-theories},
  journal   = {Journal of Symbolic Computation},
  year      = {1994},
  volume    = {18},
  number    = {4},
  month     = oct,
  pages     = {297--318},
  doi       = {10.1006/jsco.1994.1049},
  publisher = {Elsevier {BV}},
}

@Article{Lawson1979,
  author    = {Lawson, C. L. and Hanson, R. J. and Kincaid, D. R. and Krogh, F. T.},
  title     = {Basic Linear Algebra Subprograms for Fortran Usage},
  journal   = {{ACM} Transactions on Mathematical Software},
  year      = {1979},
  volume    = {5},
  number    = {3},
  month     = sep,
  pages     = {308--323},
  doi       = {10.1145/355841.355847},
  publisher = {Association for Computing Machinery ({ACM})},
}

@www{LanguageBenchmark,
  author = {Gouy, Isaac},
  date   = {2017-04-12},
  note   = {\\URL:~\url{http://benchmarksgame.alioth.debian.org/}},
  title  = {The Computer Language Benchmarks Game},
  year   = {2017},
}

@article{Lambert1988,
  author    = {Lambert, J. L.},
  doi       = {10.1016/0898-1221(88)90172-1},
  journal   = {Computers {\&} Mathematics with Applications},
  number    = {3},
  pages     = {209--212},
  publisher = {Elsevier {BV}},
  title     = {Finding a Partial Solution to a Linear System of Equations in Positive Integers},
  volume    = {15},
  year      = {1988},
}

@Article{Kutsia2008,
  author    = {Kutsia, Temur},
  title     = {Flat Matching},
  journal   = {Journal of Symbolic Computation},
  year      = {2008},
  volume    = {43},
  number    = {12},
  month     = dec,
  pages     = {858--873},
  doi       = {10.1016/j.jsc.2008.05.001},
  publisher = {Elsevier {BV}},
}

@conference{Kutsia2007a,
  author       = {Kutsia, Temur and Levy, Jordi and Villaret, Mateu},
  booktitle    = {Proc. of the 18\textsuperscript{th} International Conference on Rewriting Techniques and Applications, Rta{\textquoteright}07},
  editor       = {F. Baader},
  organization = {Springer},
  pages        = {288--302},
  publisher    = {Springer},
  title        = {Sequence Unification through Currying},
  volume       = {4533},
  year         = {2007},
}

@Article{Kutsia2007,
  author    = {Kutsia, Temur},
  title     = {Solving Equations with Sequence Variables and Sequence{~}functions},
  journal   = {Journal of Symbolic Computation},
  year      = {2007},
  volume    = {42},
  number    = {3},
  month     = mar,
  pages     = {352--388},
  issn      = {0747-7171},
  doi       = {10.1016/j.jsc.2006.12.002},
  publisher = {Elsevier {BV}},
}

@Article{Kutsia2006,
  author    = {Kutsia, Temur},
  title     = {Context Sequence Matching for {XML}},
  journal   = {Electronic Notes in Theoretical Computer Science},
  year      = {2006},
  volume    = {157},
  number    = {2},
  month     = may,
  pages     = {47--65},
  doi       = {10.1016/j.entcs.2005.12.045},
  publisher = {Elsevier {BV}},
}

@inproceedings{Kutsia2005,
  author    = {Kutsia, Temur and Marin, Mircea},
  booktitle = {Logic for Programming, Artificial Intelligence, and Reasoning: 12\textsuperscript{th} International Conference, Lpar 2005, Montego Bay, Jamaica, December 2-6, 2005.},
  doi       = {10.1007/11591191_16},
  editor    = {Sutcliffe, Geoff and Voronkov, Andrei},
  isbn      = {978-3-540-31650-3},
  pages     = {215--229},
  title     = {Matching with Regular Constraints},
  year      = {2005},
}

@inproceedings{Kutsia2003,
  author    = {Kutsia, Temur},
  booktitle = {Proceedings of the 17\textsuperscript{th} International Workshop on Unification},
  editor    = {J. Levy, M. Kohlhase, J. Niehren, M. Villaret},
  isbn      = {84-96221-00-8},
  pages     = {57--64},
  title     = {Matching in Flat Theories},
  year      = {2003},
}

@article{Kutsia2002c,
  author  = {Kutsia, Temur},
  doi     = {10.1007/3-540-45470-5},
  isbn    = {3540438653},
  issn    = {1611-3349},
  journal = {Lecture Notes in Computer Science (including Subseries Lecture Notes in Artificial Intelligence and Lecture Notes in Bioinformatics)},
  pages   = {290--304},
  title   = {{Unification with sequence variables and flexible arity symbols and its extension with pattern-terms}},
  volume  = {2385},
  year    = {2002},
}

@phdthesis{Kutsia2002b,
  address     = {Linz, Austria},
  author      = {Kutsia, T.},
  institution = {Johannes Kepler University},
  title       = {{Solving and Proving in Equational Theories with Sequence Variables and Flexible Arity Symbols}},
  year        = {2002},
}

@incollection{Kutsia2002a,
  author    = {Kutsia, Temur},
  booktitle = {Logic for Programming, Artificial Intelligence, and Reasoning},
  doi       = {10.1007/3-540-36078-6_19},
  pages     = {278--291},
  publisher = {Springer Nature},
  title     = {Theorem Proving with Sequence Variables and Flexible Arity Symbols},
  year      = {2002},
}

@Article{Kutsia2002,
  author    = {Kutsia, Temur},
  title     = {Pattern Unification with Sequence Variables and Flexible Arity Symbols},
  journal   = {Electronic Notes in Theoretical Computer Science},
  year      = {2002},
  volume    = {66},
  number    = {5},
  month     = dec,
  pages     = {52--69},
  doi       = {10.1016/s1571-0661(04)80514-0},
  publisher = {Elsevier {BV}},
}

@Article{Kryvyi2006,
  author    = {Kryvyi, S. L.},
  title     = {Algorithms for Solving Systems of Linear Diophantine Equations in Integer Domains},
  journal   = {Cybernetics and Systems Analysis},
  year      = {2006},
  volume    = {42},
  number    = {2},
  month     = mar,
  pages     = {163--175},
  doi       = {10.1007/s10559-006-0050-2},
  publisher = {Springer Nature},
}

@InCollection{Kounalis1991,
  author    = {Kounalis, E. and Lugiez, D.},
  title     = {Compilation of Pattern Matching with Associative-commutative Functions},
  booktitle = {{TAPSOFT} {'}91},
  publisher = {Springer Nature},
  year      = {1991},
  pages     = {57--73},
  doi       = {10.1007/3-540-53982-4_4},
}

@inproceedings{Kolaitis2001,
  author    = {Kolaitis, Phokion G. and Raffill, Thomas},
  booktitle = {Principles and Practice of Constraint Programming -- Cp 2001. Lecture Notes in Computer Science, Vol 2239},
  doi       = {10.1007/3-540-45578-7_30},
  editor    = {Walsh, Toby},
  isbn      = {978-3-540-45578-3},
  pages     = {433--450},
  title     = {In Search of a Phase Transition in the Ac-matching Problem},
  year      = {2001},
}

@book{Knuth2005,
  author    = {Knuth, Donald E.},
  date      = {2005-07-11},
  ean       = {9780201853940},
  isbn      = {0201853949},
  pagetotal = {160},
  publisher = {Addison-Wesley Professional},
  title     = {The Art of Computer Programming, Volume 4, Fascicle 3: Generating All Combinations and Partitions},
  year      = {2005},
}

@book{Klop2001,
  address   = {New York, NY, USA},
  author    = {Klop, Jan Willem and de Vrijer, Roel and Bezem, Marc},
  ean       = {9780521391153},
  isbn      = {0521391156},
  pagetotal = {908},
  publisher = {Cambridge University Press},
  title     = {Term Rewriting Systems},
  year      = {2001},
}

@Article{Kirchner2001,
  author     = {Kirchner, H{\'e}l\`{e}ne and Moreau, Pierre-Etienne},
  title      = {Promoting Rewriting to a Programming Language: A Compiler for Non-deterministic Rewrite Programs in Associative-commutative Theories},
  journal    = {International Journal of Foundations of Computer Science},
  year       = {2001},
  volume     = {11},
  number     = {2},
  month      = mar,
  pages      = {207--251},
  issn       = {0956-7968},
  doi        = {10.1142/S0129054101000412},
  issue_date = {March 2001},
  publisher  = {World Scientific Pub Co Pte Lt},
}

@incollection{Kirchner1999,
  author    = {Kirchner, H{\'e}l{\`e}ene and Moreau, Pierre-Etienne},
  booktitle = {Recent Trends in Algebraic Development Techniques},
  doi       = {10.1007/3-540-48483-3_12},
  pages     = {168--183},
  publisher = {Springer Nature},
  title     = {Non-deterministic Computations in {ELAN}},
  year      = {1999},
}

@InCollection{Itokawa2011,
  author    = {Itokawa, Yuko and Wada, Masanobu and Ishii, Toshimitsu and Uchida, Tomoyuki},
  title     = {Pattern Matching Algorithm Using a Succinct Data Structure for Tree-structured Patterns},
  booktitle = {Lecture Notes in Electrical Engineering},
  year      = {2011},
  publisher = {Springer Nature},
  pages     = {349--361},
  doi       = {10.1007/978-1-4614-1695-1_27},
  month     = dec,
}

@book{IJCAI79,
  address   = {Tokyo, Japan},
  isbn      = {0-934613-47-8},
  publisher = {Morgan Kaufmann},
  title     = {Ijcai'79 Proceedings of the 6\textsuperscript{th} International Joint Conference on Artificial Intelligence - Volume 1},
  year      = {1979},
}

@inproceedings{Hvllot1979,
  acmid     = {1624951},
  address   = {San Francisco, CA, USA},
  author    = {Hvllot, J. M.},
  booktitle = {Proceedings of the 6\textsuperscript{th} International Joint Conference on Artificial Intelligence - Volume 1},
  isbn      = {0-934613-47-8},
  location  = {Tokyo, Japan},
  numpages  = {7},
  pages     = {406--412},
  publisher = {Morgan Kaufmann Publishers Inc.},
  series    = {IJCAI'79},
  title     = {Associative Commutative Pattern Matching},
  year      = {1979},
}

@Article{Hosoya2003,
  author    = {Hosoya, Haruo and Pierce, Benjamin C.},
  title     = {Regular Expression Pattern Matching for {XML}},
  journal   = {Journal of Functional Programming},
  year      = {2003},
  volume    = {13},
  number    = {6},
  month     = nov,
  pages     = {961--1004},
  doi       = {10.1017/s0956796802004410},
  publisher = {Cambridge University Press ({CUP})},
}

@Article{Hopcroft1973,
  author    = {Hopcroft, John E. and Karp, Richard M.},
  title     = {An $n^{5/2}$ Algorithm for Maximum Matchings in Bipartite Graphs},
  journal   = {{SIAM} Journal on Computing},
  year      = {1973},
  volume    = {2},
  number    = {4},
  month     = dec,
  pages     = {225--231},
  doi       = {10.1137/0202019},
  publisher = {Society for Industrial {\&} Applied Mathematics ({SIAM})},
}

@Article{Hoffmann1982,
  author     = {Hoffmann, Christoph M. and O'Donnell, Michael J.},
  title      = {Pattern Matching in Trees},
  journal    = {Journal of the {ACM}},
  year       = {1982},
  volume     = {29},
  number     = {1},
  month      = jan,
  pages      = {68--95},
  issn       = {0004-5411},
  doi        = {10.1145/322290.322295},
  acmid      = {322295},
  address    = {New York, NY, USA},
  issue_date = {Jan. 1982},
  numpages   = {28},
  publisher  = {ACM},
}

@inbook{Heubach2009,
  author    = {Heubach, Silvia and Mansour, Toufik},
  booktitle = {Discrete Mathematics and Its Applications},
  chapter   = {Composition},
  isbn      = {978-1-4200-7267-9},
  publisher = {Chapman and Hall/CRC},
  title     = {Combinatorics of Compositions and Words},
  year      = {2009},
}

@article{Hermann1999,
  author  = {Hermann, Miki and Kolaitis, Phokion G.},
  doi     = {10.1023/A:1006136609427},
  issn    = {1573-0670},
  journal = {Journal of Automated Reasoning},
  number  = {2},
  pages   = {107--136},
  title   = {Computational Complexity of Simultaneous Elementary Matching Problems},
  volume  = {23},
  year    = {1999},
}

@www{Hazel2017,
  author       = {Hazel, Philip},
  howpublished = {\textsc{url:} \url{http://www.pcre.org/}},
  organization = {University of Cambridge Computer Laboratory},
  title        = {{PCRE} - {P}erl {C}ompatible {R}egular {E}xpressions},
  year         = {2017},
}

@misc{Haskell,
  author = {Marlow, Simon},
  title  = {Haskell 2010 Language Report},
  year   = {2010},
}

@inproceedings{Hamana1997,
  author    = {Hamana, Makoto},
  booktitle = {Proceedings of the First International Theorema Workshop, Report Series No. 97-20. Risc-linz, Johannes Kepler University, 1997.},
  title     = {Term Rewriting with Sequences},
  year      = {1997},
}

@inproceedings{Graef1991,
  acmid     = {111881},
  address   = {New York, NY, USA},
  author    = {Gr{\"a}f, Albert},
  booktitle = {Proceedings of the 4\textsuperscript{th} International Conference on Rewriting Techniques and Applications},
  isbn      = {0-387-539042},
  location  = {Como, Italy},
  numpages  = {12},
  pages     = {323--334},
  publisher = {Springer-Verlag New York, Inc.},
  series    = {RTA-91},
  title     = {Left-to-right Tree Pattern Matching},
  year      = {1991},
}

@misc{Gilbert1990,
  author = {Gilbert, William J. and Pathria, Anu},
  title  = {{Linear Diophantine Equations}},
  year   = {1990},
}

@book{Gallier2016,
  author    = {Gallier, Jean},
  date      = {2016-04-22},
  ean       = {9781441980472},
  publisher = {Springer New York},
  title     = {Discrete Mathematics, Second Edition},
  year      = {2016},
}

@Article{Fukuda1994,
  author    = {Fukuda, K. and Matsui, T.},
  title     = {Finding All the Perfect Matchings in Bipartite Graphs},
  journal   = {Applied Mathematics Letters},
  year      = {1994},
  volume    = {7},
  number    = {1},
  month     = jan,
  pages     = {15--18},
  doi       = {10.1016/0893-9659(94)90045-0},
  publisher = {Elsevier {BV}},
}

@software{FSharp,
  howpublished = {\textsc{url:} \url{http://fsharp.org/}},
  title        = {F\#},
  version      = {4.0},
  year         = {2017},
}

@inproceedings{Fessant2001,
  author    = {Fessant, Fabrice Le and Maranget, Luc},
  booktitle = {Proceedings of the Sixth {ACM} {SIGPLAN} International Conference on Functional Programming - {ICFP} {'}01},
  doi       = {10.1145/507635.507641},
  publisher = {Association for Computing Machinery ({ACM})},
  title     = {Optimizing Pattern Matching},
  year      = {2001},
}

@inproceedings{Fernau2015,
  address   = {Dagstuhl, Germany},
  author    = {Fernau, Henning and Manea, Florin and Mercas, Robert and Schmid, Markus L.},
  booktitle = {32\textsuperscript{nd} International Symposium on Theoretical Aspects of Computer Science (stacs 2015)},
  doi       = {10.4230/LIPIcs.STACS.2015.302},
  editor    = {Ernst W. Mayr and Nicolas Ollinger},
  isbn      = {978-3-939897-78-1},
  issn      = {1868-8969},
  pages     = {302--315},
  publisher = {Schloss Dagstuhl--Leibniz-Zentrum fuer Informatik},
  series    = {Leibniz International Proceedings in Informatics (LIPIcs)},
  title     = {{Pattern Matching with Variables: Fast Algorithms and New Hardness Results}},
  urn       = {urn:nbn:de:0030-drops-49220},
  volume    = {30},
  year      = {2015},
}

@inbook{Fernau2013,
  author    = {Fernau, Henning and Schmid, Markus L.},
  booktitle = {Combinatorial Pattern Matching: 24\textsuperscript{th} Annual Symposium, Cpm 2013, Bad Herrenalb, Germany, June 17-19, 2013. Proceedings},
  date      = {2013-05-16},
  doi       = {10.1007/978-3-642-38905-4_10},
  ean       = {9783642389054},
  editor    = {Fischer, Johannes and Sanders, Peter},
  isbn      = {978-3-642-38905-4},
  pages     = {83--94},
  title     = {Pattern Matching with Variables: A Multivariate Complexity Analysis},
  year      = {2013},
}

@inbook{Erlang,
  booktitle    = {Erlang Reference Manual User's Guide},
  chapter      = {4},
  date         = {2016-12},
  howpublished = {\textsc{url:} \url{http://erlang.org/doc/reference_manual/patterns.html}},
  publisher    = {Ericsson AB},
  title        = {Pattern Matching},
  year         = {2016},
}

@book{Epp2010,
  author    = {Epp, Susanna S.},
  date      = {2010-08-11},
  ean       = {9780495391326},
  edition   = {4},
  isbn      = {0495391328},
  pagetotal = {820},
  publisher = {Brooks Cole},
  title     = {Discrete Mathematics with Applications},
  year      = {2010},
}

@Software{Elixir,
  title        = {Elixir},
  year         = {2017},
  howpublished = {\textsc{url:} \url{http://elixir-lang.org/}},
  version      = {1.4},
  organization = {Plataformatec},
  month        = jan,
}

@InProceedings{Eker2003,
  author       = {Eker, Steven},
  title        = {Associative-commutative Rewriting on Large Terms},
  booktitle    = {Proceedings of the 14\textsuperscript{th} International Conference on Rewriting Techniques and Applications (rta 2003)},
  year         = {2003},
  series       = {Lecture Notes in Computer Science},
  publisher    = {Springer},
  month        = jun,
  pages        = {14--29},
  address      = {Berlin},
  howpublished = {\textsc{url:} \url{http://www.csl.sri.com/papers/1557/}},
}

@Article{Eker1995,
  author    = {Eker, S. M.},
  title     = {Associative-commutative Matching Via Bipartite Graph Matching},
  journal   = {The Computer Journal},
  year      = {1995},
  volume    = {38},
  number    = {5},
  month     = may,
  pages     = {381--399},
  doi       = {10.1093/comjnl/38.5.381},
  publisher = {Oxford University Press ({OUP})},
}

@Article{Dongarra1990,
  author    = {Dongarra, J. J. and Croz, Jeremy Du and Hammarling, Sven and Duff, I. S.},
  title     = {A Set of Level 3 Basic Linear Algebra Subprograms},
  journal   = {{ACM} Transactions on Mathematical Software},
  year      = {1990},
  volume    = {16},
  number    = {1},
  month     = mar,
  pages     = {1--17},
  doi       = {10.1145/77626.79170},
  publisher = {Association for Computing Machinery ({ACM})},
}

@Article{Dongarra1988,
  author    = {Dongarra, Jack J. and Croz, Jeremy Du and Hammarling, Sven and Hanson, Richard J.},
  title     = {An Extended Set of {FORTRAN} Basic Linear Algebra Subprograms},
  journal   = {{ACM} Transactions on Mathematical Software},
  year      = {1988},
  volume    = {14},
  number    = {1},
  month     = mar,
  pages     = {1--17},
  doi       = {10.1145/42288.42291},
  publisher = {Association for Computing Machinery ({ACM})},
}

@incollection{Dershowitz1990,
  acmid     = {114897},
  address   = {Cambridge, MA, USA},
  author    = {Dershowitz, Nachum and Jouannaud, Jean-Pierre},
  booktitle = {Handbook of Theoretical Computer Science (vol. B)},
  chapter   = {Rewrite Systems},
  editor    = {van Leeuwen, Jan},
  isbn      = {0-444-88074-7},
  numpages  = {78},
  pages     = {243--320},
  publisher = {MIT Press},
  title     = {Rewrite Systems},
  year      = {1990},
}

@inbook{Contejean2004,
  author    = {Contejean, Evelyne},
  booktitle = {Rewriting Techniques and Applications: 15\textsuperscript{th} International Conference, Rta 2004, Aachen, Germany, June 3-5, 2004. Proceedings},
  doi       = {10.1007/978-3-540-25979-4_5},
  editor    = {van Oostrom, Vincent},
  isbn      = {978-3-540-25979-4},
  pages     = {70--84},
  title     = {A Certified Ac Matching Algorithm},
  year      = {2004},
}

@Article{Contejean1994,
  author    = {Contejean, E. and Devie, H.},
  title     = {An Efficient Incremental Algorithm for Solving Systems of Linear Diophantine Equations},
  journal   = {Information and Computation},
  year      = {1994},
  volume    = {113},
  number    = {1},
  month     = aug,
  pages     = {143--172},
  doi       = {10.1006/inco.1994.1067},
  publisher = {Elsevier {BV}},
}

@article{Contejean1993,
  author       = {Contejean, Evelyne},
  howpublished = {\textsc{url:} \url{http://citeseerx.ist.psu.edu/viewdoc/download?doi=10.1.1.38.649{\&}rep=rep1{\&}type=pdf}},
  journal      = {Proc. of 10\textsuperscript{th} Int. Conf. on Logic Programming, Ds {\ldots}},
  pages        = {1--18},
  title        = {{Solving linear diophantine constraints incrementally}},
  year         = {1993},
}

@Article{Clausen1989,
  author    = {Clausen, Michael and Fortenbacher, Albrecht},
  title     = {Efficient Solution of Linear Diophantine Equations},
  journal   = {Journal of Symbolic Computation},
  year      = {1989},
  volume    = {8},
  number    = {1-2},
  month     = jul,
  pages     = {201--216},
  doi       = {10.1016/s0747-7171(89)80025-2},
  publisher = {Elsevier {BV}},
}

@article{Christian1993,
  author    = {Christian, Jim},
  doi       = {10.1007/BF00881866},
  issn      = {1573-0670},
  journal   = {Journal of Automated Reasoning},
  number    = {1},
  pages     = {95--113},
  publisher = {Springer Nature},
  title     = {Flatterms, Discrimination Nets, and Fast Term Rewriting},
  volume    = {10},
  year      = {1993},
}

@inbook{Bundy1984,
  author    = {Bundy, Alan and Wallen, Lincoln},
  booktitle = {Catalogue of Artificial Intelligence Tools},
  doi       = {10.1007/978-3-642-96868-6_59},
  editor    = {Bundy, Alan and Wallen, Lincoln},
  isbn      = {978-3-642-96868-6},
  pages     = {31--31},
  title     = {Discrimination Net},
  year      = {1984},
}

@inproceedings{Buchberger1996,
  author    = {Buchberger, B.},
  booktitle = {{Functional and Logic Programming (Proceedings of the 2\textsuperscript{nd} Fuji International Workshop on Functional and Logic Programming, November 1-4, 1996, Shonan Village Center)}},
  editor    = {T. Ida and A. Ohori and M. Takeichi},
  isbn_issn = {ISBN 981-02-2923-2},
  pages     = {1--13},
  title     = {{Mathematica as a Rewrite Language}},
  year      = {1996},
}

@inproceedings{Boudet1990,
  author    = {Boudet, A. and Contejean, E. and Devie, H.},
  booktitle = {[1990] Proceedings. Fifth Annual {IEEE} Symposium on Logic in Computer Science},
  doi       = {10.1109/lics.1990.113755},
  publisher = {Institute of Electrical and Electronics Engineers ({IEEE})},
  title     = {A New {AC} Unification Algorithm with an Algorithm for Solving Systems of Diophantine Equations},
  year      = {1990},
}

@Article{Bond1967,
  author    = {Bond, James},
  title     = {Calculating the General Solution of a Linear Diophantine Equation},
  journal   = {The American Mathematical Monthly},
  year      = {1967},
  volume    = {74},
  number    = {8},
  month     = oct,
  pages     = {955},
  doi       = {10.2307/2315274},
  publisher = {{JSTOR}},
}

@Article{Benanav1987,
  author    = {Benanav, Dan and Kapur, Deepak and Narendran, Paliath},
  title     = {Complexity of Matching Problems},
  journal   = {Journal of Symbolic Computation},
  year      = {1987},
  volume    = {3},
  number    = {1},
  month     = feb,
  pages     = {203--216},
  issn      = {0747-7171},
  doi       = {10.1016/S0747-7171(87)80027-5},
  publisher = {Elsevier {BV}},
}

@InProceedings{Belkhir2012,
  author    = {Belkhir, Walid and Giorgetti, Alain},
  title     = {{Lazy AC-Pattern Matching for Rewriting}},
  booktitle = {{10\textsuperscript{th} International Workshop on Reduction Strategies in Rewriting and Programming}},
  year      = {2012},
  editor    = {Santiago Escobar},
  volume    = {82},
  series    = {Proceedings 10\textsuperscript{th} International Workshop on Reduction Strategies in Rewriting and Programming},
  month     = may,
  pages     = {37--51},
  doi       = {10.4204/EPTCS.82.3},
}

@InProceedings{Belkhir2011,
  author    = {Belkhir, Walid and Giorgetti, Alain},
  title     = {Lazy Rewriting Modulo Associativity and Commutativity},
  booktitle = {Wrs 2011, 10-th Int. Workshop on Reduction Strategies in Rewriting and Programming},
  year      = {2011},
  month     = may,
  pages     = {17--21},
}

@inproceedings{Behnel2009,
  address   = {Pasadena, CA USA},
  author    = {Behnel, Stefan and Bradshaw, Robert W. and Seljebotn, Dag Sverre},
  booktitle = {Proceedings of the 8\textsuperscript{th} Python in Science Conference},
  editor    = {Ga\"el Varoquaux and St\'efan van der Walt and Jarrod Millman},
  pages     = {4--14},
  title     = {Cython Tutorial},
  year      = {2009},
}

@incollection{Balland2008,
  author    = {Balland, Emilie and Boichut, Yohan and Genet, Thomas and Moreau, Pierre-Etienne},
  booktitle = {Algebraic Methodology and Software Technology},
  doi       = {10.1007/978-3-540-79980-1_6},
  pages     = {67--82},
  publisher = {Springer Nature},
  title     = {Towards an Efficient Implementation of Tree Automata Completion},
  year      = {2008},
}

@inproceedings{Bachmair1995,
  author    = {Bachmair, Leo and Chen, Ta and Ramakrishnan, I. V. and Anantharaman, Siva and Chabin, Jacques},
  booktitle = {Proceedings of the 14\textsuperscript{th} International Joint Conference on Artificial Intelligence - Volume 1},
  isbn      = {978-1-558-60363-9},
  pages     = {348--354},
  publisher = {Morgan Kaufmann},
  series    = {IJCAI'95},
  title     = {Experiments with Associative-commutative Discrimination Nets},
  year      = {1995},
}

@inbook{Bachmair1993,
  author    = {Bachmair, Leo and Chen, Ta and Ramakrishnan, I. V.},
  booktitle = {Tapsoft\'93: Theory and Practice of Software Development: 4\textsuperscript{th} International Joint Conference Caap/fase Orsay, France},
  doi       = {10.1007/3-540-56610-4_56},
  editor    = {Gaudel, M. -C. and Jouannaud, J. -P.},
  isbn      = {978-3-540-47598-9},
  pages     = {61--74},
  title     = {Associative-commutative Discrimination Nets},
  year      = {1993},
}

@book{Baader1998,
  address   = {New York, NY, USA},
  author    = {Baader, Franz and Nipkow, Tobias},
  isbn      = {0-521-45520-0},
  publisher = {Cambridge University Press},
  title     = {Term Rewriting and All That},
  year      = {1998},
}

@Article{Baader1996,
  author    = {Baader, Franz and Schulz, Klaus U.},
  title     = {Unification in the Union of Disjoint Equational Theories: Combining Decision Procedures},
  journal   = {Journal of Symbolic Computation},
  year      = {1996},
  volume    = {21},
  number    = {2},
  month     = feb,
  pages     = {211--243},
  doi       = {10.1006/jsco.1996.0009},
  publisher = {Elsevier {BV}},
}

@inproceedings{Augustsson1985,
  acmid     = {5303},
  address   = {New York, NY, USA},
  author    = {Augustsson, Lennart},
  booktitle = {Proc. of a Conference on Functional Programming Languages and Computer Architecture},
  isbn      = {3-387-15975-4},
  location  = {Nancy, France},
  numpages  = {14},
  pages     = {368--381},
  publisher = {Springer-Verlag New York, Inc.},
  title     = {Compiling Pattern Matching},
  year      = {1985},
}

@inbook{Ajili1995a,
  author    = {Ajili, Farid and Contejean, Evelyne},
  booktitle = {Principles and Practice of Constraint Programming --- Cp '95: First International Conference, Cp '95 Cassis, France, September 19--22, 1995 Proceedings},
  doi       = {10.1007/3-540-60299-2_1},
  editor    = {Montanari, Ugo and Rossi, Francesca},
  isbn      = {978-3-540-44788-7},
  pages     = {1--17},
  title     = {Complete Solving of Linear Diophantine Equations and Inequations without Adding Variables},
  year      = {1995},
}

@inproceedings{Aho1985,
  author    = {Aho, Alfred V. and Ganapathi, Mahadevan},
  booktitle = {Proceedings of the 12\textsuperscript{th} {ACM} {SIGACT}-{SIGPLAN} Symposium on Principles of Programming Languages - {POPL} {'}85},
  date      = {1985},
  doi       = {10.1145/318593.318663},
  publisher = {Association for Computing Machinery ({ACM})},
  title     = {Efficient Tree Pattern Matching: An Aid to Code Generation (extended Abstract)},
  year      = {1985},
}

@Article{Aardal2000,
  author    = {Aardal, Karen and Hurkens, Cor A. J. and Lenstra, Arjen K.},
  title     = {Solving a System of Linear Diophantine Equations with Lower and Upper Bounds on the Variables},
  journal   = {Mathematics of Operations Research},
  year      = {2000},
  volume    = {25},
  number    = {3},
  month     = aug,
  pages     = {427--442},
  doi       = {10.1287/moor.25.3.427.12219},
  publisher = {Institute for Operations Research and the Management Sciences ({INFORMS})},
}

@MastersThesis{thesis,
  author      = {Manuel Krebber},
  title       = {Non-linear Associative-commutative Many-to-one Pattern Matching with Sequence Variables},
  year        = {2017},
  date        = {2017-05-02},
  eprint      = {1705.00907},
  eprintclass = {cs.SC},
  eprinttype  = {arXiv},
  file        = {online:http\:\\arxiv.org\\pdf\\1705.00907v1:PDF},
  institution = {RWTH Aachen University},
}

@InCollection{Romano2013,
  author    = {Anthony Romano and Dawson Engler},
  title     = {Expression Reduction from Programs in a Symbolic Binary Executor},
  booktitle = {Model Checking Software},
  publisher = {Springer Berlin Heidelberg},
  year      = {2013},
  pages     = {301--319},
  doi       = {10.1007/978-3-642-39176-7_19},
}

@InCollection{Knuth1983,
  author    = {D. E. Knuth and P. B. Bendix},
  title     = {Simple Word Problems in Universal Algebras},
  booktitle = {Automation of Reasoning},
  publisher = {Springer Berlin Heidelberg},
  year      = {1983},
  pages     = {342--376},
  doi       = {10.1007/978-3-642-81955-1_23},
}

@Software{Mathics,
  author       = {Jan Pöschko},
  title        = {Mathics},
  howpublished = {http://mathics.github.io/},
  month        = oct,
  year         = {2016},
  url          = {http://mathics.github.io/},
}

@Misc{MatchPyDoc,
  author       = {Manuel Krebber},
  title        = {MatchPy Documentation},
  howpublished = {http://matchpy.readthedocs.io/},
  month        = {06},
  year         = {2017},
  url          = {http://matchpy.readthedocs.io/},
}

@Software{MacroPy,
  author       = {Li Haoyi},
  title        = {MacroPy},
  howpublished = {https://github.com/lihaoyi/macropy},
  year         = {2014},
  url          = {https://github.com/lihaoyi/macropy},
}

@Software{patterns,
  author       = {Alexander Schepanovski},
  title        = {patterns},
  howpublished = {https://github.com/Suor/patterns},
  year         = {2014},
  url          = {https://github.com/Suor/patterns},
}

@Software{PyPatt,
  author       = {Grant Jenks},
  title        = {PyPatt},
  howpublished = {https://pypi.python.org/pypi/pypatt},
  year         = {2015},
  url          = {https://pypi.python.org/pypi/pypatt},
}

@Comment{jabref-meta: databaseType:bibtex;}
