
@InProceedings{ manuel_krebber-proc-scipy-2017,
  author    = { {M}anuel {K}rebber and {H}enrik {B}artels and {P}aolo {B}ientinesi },
  title     = { {M}atch{P}y: {A} {P}attern {M}atching {L}ibrary },
  booktitle = { {P}roceedings of the 16th {P}ython in {S}cience {C}onference },
  pages     = { 73 - 80 },
  year      = { 2017 },
  editor    = { {K}aty {H}uff and {D}avid {L}ippa and {D}illon {N}iederhut and {M} {P}acer },
  doi       = { 10.25080/shinma-7f4c6e7-00b }
}
