
@InProceedings{ sebastian_sepulveda-proc-scipy-2015,
  author    = { {S}ebasti\'an {S}ep\'ulveda and {P}ablo {R}eyes and {A}lejandro {W}einstein },
  title     = { {V}isualizing physiological signals in real-time },
  booktitle = { {P}roceedings of the 14th {P}ython in {S}cience {C}onference },
  pages     = { 182 - 186 },
  year      = { 2015 },
  editor    = { {K}athryn {H}uff and {J}ames {B}ergstra },
  doi       = { 10.25080/Majora-7b98e3ed-01c }
}
