
@InProceedings{ shoaib_kamil-proc-scipy-2011,
  author    = { {S}hoaib {K}amil and {D}errick {C}oetzee and {A}rmando {F}ox },
  title     = { {B}ringing {P}arallel {P}erformance to {P}ython  with {D}omain-{S}pecific {S}elective {E}mbedded {J}ust-in-{T}ime {S}pecialization },
  booktitle = { {P}roceedings of the 10th {P}ython in {S}cience {C}onference },
  pages     = { 91 - 97 },
  year      = { 2011 },
  editor    = { {S}t\'efan van der {W}alt and {J}arrod {M}illman },
  doi       = { 10.25080/Majora-ebaa42b7-00f }
}
