@misc{adhikari2017computational,
  title={{C}omputational and {I}nferential {T}hinking: {T}he {F}oundations of {D}ata {S}cience},
  author={Adhikari, Ani and DeNero, John},
  year={2017},
  url={https://www.inferentialthinking.com/}
}

@article{adjemian2011dynare,
  title={Dynare: Reference manual, version 4},
  author={Adjemian, St{\'e}phane and Bastani, Houtan and Juillard, Michel and Mihoubi, Ferhat and Perendia, George and Ratto, Marco and Villemot, S{\'e}bastien},
  year={2011},
  publisher={Dynare working papers 1, CEPREMAP}
}

@misc{ambrose_2020,
title={Lawmakers Propose Dramatic Expansion of NSF to Boost US Technology},
url={https://www.aip.org/fyi/2020/lawmakers-propose-dramatic-expansion-nsf-boost-us-technology},
journal={American Institute of Physics},
author={Ambrose, Mitch},
year={2020},
month={May}}

@misc{barba2016computational,
  title={Computational Thinking: I do not think it means what you think it means},
  author={Barba, Lorena A},
  journal={Lorena A Barba group},
  year={2016},
  url={https://lorenabarba.com/blog/computational-thinking-i-do-not-think-it-means-what-you-think-it-means/}
}

@inproceedings{baxter2012research,
  title={The research software engineer},
  author={Baxter, Rob and Hong, N Chue and Gorissen, Dirk and Hetherington, James and Todorov, Ilian},
  booktitle={Digital Research Conference, Oxford},
  pages={1--3},
  year={2012}
}

@misc{benthall_2019,
title={Software Incubator Workshop: A Synthesis},
url={http://urssi.us/blog/2019/02/25/software-incubator-workshop-a-synthesis/},
journal={US Research Software Sustainability Institute},
author={Benthall, Sebastian},
year={2019},
month={Feb}}

@article{blank2019nbgrader,
  title={nbgrader: A tool for creating and grading assignments in the Jupyter Notebook},
  author={Blank, Douglas S and Bourgin, David and Brown, Alexander and Bussonnier, Matthias and Frederic, Jonathan and Granger, Brian and Griffiths, Thomas L and Hamrick, Jessica and Kelley, Kyle and Pacer, M and others},
  journal={The Journal of Open Source Education},
  volume={2},
  number={11},
  year={2019},
  doi = {10.21105/jose.00032}
}

@book{bourdieu2004science,
  title={Science of science and reflexivity},
  author={Bourdieu, Pierre},
  year={2004},
  publisher={Polity}
}

@article{breiman2001statistical,
  title={Statistical modeling: The two cultures (with comments and a rejoinder by the author)},
  author={Breiman, Leo and others},
  journal={Statistical science},
  volume={16},
  number={3},
  pages={199--231},
  year={2001},
  publisher={Institute of Mathematical Statistics},
  doi = {10.1214/ss/1009213726}
}

@article{cock2009biopython,
  title={Biopython: freely available Python tools for computational molecular biology and bioinformatics},
  author={Cock, Peter JA and Antao, Tiago and Chang, Jeffrey T and Chapman, Brad A and Cox, Cymon J and Dalke, Andrew and Friedberg, Iddo and Hamelryck, Thomas and Kauff, Frank and Wilczynski, Bartek and others},
  journal={Bioinformatics},
  volume={25},
  number={11},
  pages={1422--1423},
  year={2009},
  publisher={Oxford University Press},
  doi = {10.1093/bioinformatics/btp163}
}

@InProceedings{ carroll2018econ,
  author    = { Christopher D. Carroll and Alexander M. Kaufman and Jacqueline L. Kazil and Nathan M. Palmer and Matthew N. White },
  title     = { {T}he {E}con-{A}{R}{K} and {H}{A}{R}{K}: {O}pen {S}ource {T}ools for {C}omputational {E}conomics },
  booktitle = { {P}roceedings of the 17th {P}ython in {S}cience {C}onference },
  pages     = { 25 - 30 },
  year      = { 2018 },
  editor    = { {F}atih {A}kici and {D}avid {L}ippa and {D}illon {N}iederhut and {M} {P}acer },
  doi       = { 10.25080/Majora-4af1f417-004 }
}

@misc{carroll2018hands,
  title={Hands-On Heterogeneous Agent Macroeconomics},
  author={Carroll, Christopher D and White, Matthew N},
  year={2018},
  url={https://safe-frankfurt.de/fileadmin/user_upload/editor_common/Events/Chris_Carrol_Syllabus.pdf}
}

@article{carroll2020modeling,
  title={Modeling the Consumption Response to the CARES Act},
  author={Carroll, Christopher D and Crawley, Edmund and Slacalek, Jiri and White, Matthew N},
  year={2020},
  journal={COVID Economics}
}

@misc{carroll2011solution,
  title={Solution methods for microeconomic dynamic stochastic optimization problems},
  author={Carroll, Christopher D},
  url={http://www. econ. jhu. edu/people/ccarroll/solvingmicrodsops.pdf},
  year={2011}
}

@article{crouch2013software,
  title={The Software Sustainability Institute: changing research software attitudes and practices},
  author={Crouch, Stephen and Hong, Neil Chue and Hettrick, Simon and Jackson, Mike and Pawlik, Aleksandra and Sufi, Shoaib and Carr, Les and De Roure, David and Goble, Carole and Parsons, Mark},
  journal={Computing in Science \& Engineering},
  volume={15},
  number={6},
  pages={74--80},
  year={2013},
  publisher={IEEE Computer Society},
  doi = {10.1109/MCSE.2013.133}
}

@article{dalle2004toward,
  title={Toward Collaborative Open-Source Technology Transfer},
  author={Dalle, Jean-Michel and Rousseau, Guillaume},
  journal={Collaboration, Conflict and Control},
  pages={34--42},
  year={2004},
  publisher={IET},
  doi = {10.1049/ic:20040262}
}

@article{donoho201750,
  title={50 years of data science},
  author={Donoho, David},
  journal={Journal of Computational and Graphical Statistics},
  volume={26},
  number={4},
  pages={745--766},
  year={2017},
  publisher={Taylor \& Francis},
  doi = {10.1080/10618600.2017.1384734}
}

@book{epstein2006generative,
  title={Generative social science: Studies in agent-based computational modeling},
  author={Epstein, Joshua M},
  year={2006},
  publisher={Princeton University Press},
  doi = {10.23943/princeton/9780691158884.001.0001}
}

@article{guzdial2008education,
  title={Education Paving the way for computational thinking},
  author={Guzdial, Mark},
  journal={Communications of the ACM},
  volume={51},
  number={8},
  pages={25--27},
  year={2008},
  publisher={ACM New York, NY, USA},
  doi = {10.1145/1378704.1378731}
}

@inproceedings{hamrick2016creating,
  title={Creating and grading IPython/Jupyter notebook assignments with NbGrader},
  author={Hamrick, Jessica B},
  booktitle={Proceedings of the 47th ACM Technical Symposium on Computing Science Education},
  pages={242--242},
  year={2016},
  doi = {10.1145/2839509.2850507}
}

@article{heckman2007econometric,
  title={Econometric evaluation of social programs, part I: Causal models, structural models and econometric policy evaluation},
  author={Heckman, James J and Vytlacil, Edward J},
  journal={Handbook of Econometrics},
  volume={6},
  pages={4779--4874},
  year={2007},
  publisher={Elsevier},
  doi = {10.1016/s1573-4412(07)06070-9}
}

@article{hekman1983weber,
  title={Weber's ideal type: A contemporary reassessment},
  author={Hekman, Susan J},
  journal={Polity},
  volume={16},
  number={1},
  pages={119--137},
  year={1983},
  publisher={Northeastern Political Science Association},
  doi = {10.2307/3234525}
}

@article{hommes2006heterogeneous,
  title={Heterogeneous agent models in economics and finance},
  author={Hommes, Cars H},
  journal={Handbook of Computational Economics},
  volume={2},
  pages={1109--1186},
  year={2006},
  publisher={Elsevier},
  doi = {10.1016/s1574-0021(05)02023-x}
}

@inproceedings{howison2013incentives,
  title={Incentives and integration in scientific software production},
  author={Howison, James and Herbsleb, James D},
  booktitle={Proceedings of the 2013 conference on Computer Supported Cooperative Work},
  pages={459--470},
  year={2013},
  doi = {10.1145/2441776.2441828}
}

@inproceedings{jordan2016computational,
  title={On Computational Thinking, Inferential Thinking and Data Science},
  author={Jordan, Michael I},
  booktitle={Proceedings of the 28th ACM Symposium on Parallelism in Algorithms and Architectures},
  pages={47--47},
  year={2016},
  doi = {10.1145/2935764.2935826}
}

@article{katz2016report,
  title={Report on the Third Workshop on Sustainable Software for Science: Practice and Experiences (WSSSPE3)},
  author={Katz, Daniel and Choi, Sou-Cheng and Niemeyer, Kyle and Hetherington, James and L{\"o}ffler, Frank and Gunter, Dan and Idaszak, Ray and Brandt, Steven and Miller, Mark and Gessing, Sandra and others},
  journal={Journal of Open Research Software},
  volume={4},
  number={1},
  year={2016},
  publisher={Ubiquity Press},
  doi = {10.5334/jors.118}
}

@misc{kim_2018,
title={The Jupyterhub Journey: Starting Small and Scaling Up},
url={https://data.berkeley.edu/news/jupyterhub-journey-starting-small-and-scaling},
journal={The Jupyterhub Journey: Starting Small and Scaling Up | Computing, Data Science, and Society},
publisher={UC Berkeley Computing, Data Science, and Society},
author={Kim, Alicia},
year={2018},
month={May}
}

@article{kirman1992whom,
  title={Whom or what does the representative individual represent?},
  author={Kirman, Alan P},
  journal={Journal of economic perspectives},
  volume={6},
  number={2},
  pages={117--136},
  year={1992}
}

@article{kruchten2012technical,
  title={Technical debt: From metaphor to theory and practice},
  author={Kruchten, Philippe and Nord, Robert L and Ozkaya, Ipek},
  journal={Ieee software},
  volume={29},
  number={6},
  pages={18--21},
  year={2012},
  publisher={IEEE},
  doi = {10.1109/ms.2012.167}
}

@book{lave1991situated,
  title={Situated learning: Legitimate peripheral participation},
  author={Lave, Jean and Wenger, Etienne},
  year={1991},
  publisher={Cambridge University Press},
  doi = {10.1017/cbo9780511815355}
}

@InProceedings{ masad2015mesa,
  author    = { {D}avid {M}asad and {J}acqueline {K}azil },
  title     = { {M}esa: {A}n {A}gent-{B}ased {M}odeling {F}ramework },
  booktitle = { {P}roceedings of the 14th {P}ython in {S}cience {C}onference },
  pages     = { 51 - 58 },
  year      = { 2015 },
  editor    = { {K}athryn {H}uff and {J}ames {B}ergstra },
  doi       = { 10.25080/Majora-7b98e3ed-009 }
}

@article{mckinney2011pandas,
  title={pandas: a foundational Python library for data analysis and statistics},
  author={McKinney, Wes},
  journal={Python for High Performance and Scientific Computing},
  volume={14},
  number={9},
  year={2011}
}

@InProceedings{ mumford2013sunpy,
  author    = { Stuart Mumford and David P\'erez-Su\'arez and Steven Christe and Florian Mayer and Russell J. Hewett },
  title     = { {S}un{P}y: {P}ython for {S}olar {P}hysicists },
  booktitle = { {P}roceedings of the 12th {P}ython in {S}cience {C}onference },
  pages     = { 70 - 73 },
  year      = { 2013 },
  editor    = { {S}t\'efan van der {W}alt and {J}arrod {M}illman and {K}aty {H}uff },
  doi       = { 10.25080/Majora-8b375195-00c }
}

@article{papert1980mindstorms,
  title={Mindstorms},
  author={Papert, Seymour},
  journal={NY: Basic Books},
  year={1982},
  doi = {10.1007/978-3-0348-5357-6}
}

@article{pedregosa2011scikit,
  title={Scikit-learn: Machine learning in Python},
  author={Pedregosa, Fabian and Varoquaux, Ga{\"e}l and Gramfort, Alexandre and Michel, Vincent and Thirion, Bertrand and Grisel, Olivier and Blondel, Mathieu and Prettenhofer, Peter and Weiss, Ron and Dubourg, Vincent and others},
  journal={The Journal of Machine Learning Research},
  volume={12},
  pages={2825--2830},
  year={2011},
  publisher={JMLR. org}
}

@article{peirce2007psychopy,
  title={PsychoPy—psychophysics software in Python},
  author={Peirce, Jonathan W},
  journal={Journal of Neuroscience Methods},
  volume={162},
  number={1-2},
  pages={8--13},
  year={2007},
  publisher={Elsevier},
  doi = {10.1016/j.jneumeth.2006.11.017}
}

@misc{perez2015project,
  title={Project Jupyter: Computational narratives as the engine of collaborative data science},
  author={Perez, Fernando and Granger, Brian E},
  url = {http://archive.ipython.org/JupyterGrantNarrative-2015.pdf},
  year={2015}
}

@inproceedings{philippe2016preliminary,
  title={Preliminary analysis of a survey of UK Research Software Engineers},
  author={Philippe, Olivier and Hong, Neil Chue and Hettrick, Simon},
  booktitle={4th Workshop on Sustainable Software for Science: Practice and Experience},
  year={2016}
}

@book{resnick1990lego,
  title={LEGO/logo--learning through and about design},
  author={Resnick, Mitchel and Ocko, Stephen and Papert, Seymour},
  year={1990},
  publisher={Epistemology and Learning Group, MIT Media Laboratory Cambridge, MA}
}

@article{robitaille2013astropy,
  title={Astropy: A community Python package for astronomy},
  author={Robitaille, Thomas P and Tollerud, Erik J and Greenfield, Perry and Droettboom, Michael and Bray, Erik and Aldcroft, Tom and Davis, Matt and Ginsburg, Adam and Price-Whelan, Adrian M and Kerzendorf, Wolfgang E and others},
  journal={Astronomy \& Astrophysics},
  volume={558},
  pages={A33},
  year={2013},
  publisher={EDP Sciences}
}

@book{schweik2012internet,
  title={Internet success: a study of open-source software commons},
  author={Schweik, Charles M and English, Robert C},
  year={2012},
  publisher={MIT Press},
  doi = {10.7551/mitpress/9780262017251.001.0001}
}

@inproceedings{settle2013beyond,
  title={Beyond computer science: computational thinking across disciplines},
  author={Settle, Amber and Goldberg, Debra S and Barr, Valerie},
  booktitle={Proceedings of the 18th ACM Conference on Innovation and Technology in Computer Science Education},
  pages={311--312},
  year={2013},
  doi = {10.1145/2462476.2462511}
}

@inproceedings{spangsberg2017teaching,
  title={Teaching programming to non-STEM novices: a didactical study of computational thinking and non-STEM computing education},
  author={Spangsberg, Thomas Hvid},
  booktitle={Proceedings of the 17th Koli Calling International Conference on Computing Education Research},
  pages={201--202},
  year={2017},
  doi = {10.1145/3141880.3143781}
}

@InProceedings{ suen2018equity,
  author    = { Anthony Suen and Laura Nor\'en and Alan Liang and Andrea Tu },
  title     = { {E}quity, {S}calability, and {S}ustainability of {D}ata {S}cience {I}nfrastructure },
  booktitle = { {P}roceedings of the 17th {P}ython in {S}cience {C}onference },
  pages     = { 15 - 17 },
  year      = { 2018 },
  editor    = { {F}atih {A}kici and {D}avid {L}ippa and {D}illon {N}iederhut and {M} {P}acer },
  doi       = { 10.25080/Majora-4af1f417-002 }
}

@article{tesfatsion2006agent,
  title={Agent-Based Computational Economics: A Constructive Approach to Economic Theory},
  author={Tesfatsion, Leigh},
  journal={Handbook of Computational Economics},
  volume={2},
  pages={831--880},
  year={2006},
  publisher={Elsevier},
  doi = {10.1016/s1574-0021(05)02016-2}
}

@inproceedings{tisue2004netlogo,
  title={NetLogo: Design and implementation of a multi-agent modeling environment},
  author={Tisue, Seth and Wilensky, Uri},
  booktitle={Proceedings of the Agent 2004 Conference on Social Dynamics: Interaction, Reflexivity and Emergence},
  volume={2004},
  pages={7--9},
  year={2004}
}

@InProceedings{ van2019accelerating,
  author    = { {E}ric {V}an {D}usen and Anthony Suen and Alan Liang and Amal Bhatnagar },
  title     = { {A}ccelerating the {A}dvancement of {D}ata {S}cience {E}ducation },
  booktitle = { {P}roceedings of the 18th {P}ython in {S}cience {C}onference },
  pages     = { 1 - 4 },
  year      = { 2019 },
  editor    = { {C}hris {C}alloway and {D}avid {L}ippa and {D}illon {N}iederhut and {D}avid {S}hupe },
  doi       = { 10.25080/Majora-7ddc1dd1-000 }
}

@article{wilson2014software,
  title={Software Carpentry: lessons learned},
  author={Wilson, Greg},
  journal={F1000Research},
  volume={3},
  year={2014},
  publisher={Faculty of 1000 Ltd},
  doi = {10.12688/f1000research.3-62.v2}
}

@article{wing2006computational,
  title={Computational thinking},
  author={Wing, Jeannette M},
  journal={Communications of the ACM},
  volume={49},
  number={3},
  pages={33--35},
  year={2006},
  publisher={ACM New York, NY, USA},
  doi = {10.1145/1118178.1118215}
}

@misc{josecon2019,
author={Fedor Iskhakov},
title={The Journal of Open Source Economics Journal Charter},
url={https://github.com/joseconomics/JOSEcon-Project-Charter/blob/master/josecon_charter.pdf},
year={2019}
}

@article{walt2011numpy,
  title={The NumPy array: a structure for efficient numerical computation},
  author={Walt, St{\'e}fan van der and Colbert, S Chris and Varoquaux, Gael},
  journal={Computing in Science \& Engineering},
  volume={13},
  number={2},
  pages={22--30},
  year={2011},
  publisher={IEEE Computer Society},
  doi = {10.1109/mcse.2011.37}
}

@inproceedings{ye2003toward,
  title={Toward an understanding of the motivation of open source software developers},
  author={Ye, Yunwen and Kishida, Kouichi},
  booktitle={Proceedings of the 25th International Conference on Software Engineering, 2003},
  pages={419--429},
  year={2003},
  organization={IEEE},
  doi = {10.1109/icse.2003.1201220}
}

@misc{repo2d,
author={Jupyter},
title={repo2docker},
url={https://github.com/jupyter/repo2docker}
}

@misc{reproduce,
author={Econ-ARK},
title={Buffer{S}tock{T}heory reproduce},
url={https://github.com/llorracc/BufferStockTheory/blob/master/reproduce.sh}
}

@misc{scilec,
author={SciPy},
title={SciPy lecture notes},
url={https://scipy-lectures.org/intro/language/reusing_code.html}
}

@misc{covidsim2020,
author={MRC, UK},
title={CovidSim microsimulation model },
url={https://github.com/mrc-ide/covid-sim}
}

@misc{wilensky1997,
author={Wilensky, Uri},
year={1997},
title={NetLogo Wolf Sheep Predation model},
url={http://ccl.northwestern.edu/netlogo/models/WolfSheepPredation},
publisher={Center for Connected Learning and Computer-Based Modeling, Northwestern University, Evanston, IL}
}


