
@InProceedings{ sebastian_benthall-proc-scipy-2020,
  author    = { {S}ebastian {B}enthall and {M}ridul {S}eth },
  title     = { {S}oftware {E}ngineering as {R}esearch {M}ethod: {A}ligning {R}oles in {E}con-{A}{R}{K} },
  booktitle = { {P}roceedings of the 19th {P}ython in {S}cience {C}onference },
  pages     = { 156 - 161 },
  year      = { 2020 },
  editor    = { {M}eghann {A}garwal and {C}hris {C}alloway and {D}illon {N}iederhut and {D}avid {S}hupe },
  doi       = { 10.25080/Majora-342d178e-015 }
}
