@article{lagaris_artificial_1998,
	title = {Artificial neural networks for solving ordinary and partial differential equations},
	volume = {9},
	issn = {10459227},
	url = {http://ieeexplore.ieee.org/document/712178/},
	doi = {10.1109/72.712178},
	pages = {987--1000},
	number = {5},
	journaltitle = {{IEEE} Transactions on Neural Networks},
	shortjournal = {{IEEE} Trans. Neural Netw.},
	author = {Lagaris, I. E. and Likas, A. and Fotiadis, D. I.},
	urldate = {2020-01-20},
	date = {1998-09},
	langid = {english},
	eprinttype = {arxiv},
	eprint = {physics/9705023},
}

@article{Li2003,
	title = {Numerical solution of elliptic partial differential equation using radial basis function neural networks},
	volume = {16},
	issn = {08936080},
	url = {https://linkinghub.elsevier.com/retrieve/pii/S0893608003000832},
	doi = {10.1016/S0893-6080(03)00083-2},
	pages = {729--734},
	number = {5},
	journaltitle = {Neural Networks},
	shortjournal = {Neural Networks},
	author = {Li, Jianyu and Luo, Siwei and Qi, Yingjian and Huang, Yaping},
	date = {2003-06},
	langid = {english},
}

@article{hao_ai_2020,
	title = {{AI} has cracked a key mathematical puzzle for understanding our world},
	url = {https://www.technologyreview.com/2020%2F10%2F30%2F1011435%2Fai-fourier-neural-network-cracks-navier-stokes-and-partial-differential-equations},
	journaltitle = {{MIT} Technology Review},
	author = {Hao, Karen},
	date = {2020-10-30}
}

@article{Linse1993,
	title = {Identification of aerodynamic coefficients using computational neural networks},
	volume = {16},
	issn = {0731-5090},
	url = {http://link.springer.com/10.1007/0-306-48610-5_9},
	doi = {10.2514/3.21122},
	pages = {1018--1025},
	number = {6},
	journaltitle = {Journal of Guidance, Control, and Dynamics},
	author = {Linse, Dennis J. and Stengel, Robert F.},
	date = {1993-11},
	note = {Publisher: Springer {US}, Place: Boston, {MA}},
}

@article{Faller1997,
	title = {Unsteady Fluid Mechanics Applications of Neural Networks},
	volume = {34},
	issn = {0021-8669},
	url = {http://arc.aiaa.org/doi/10.2514/2.2134},
	doi = {10.2514/2.2134},
	pages = {48--55},
	number = {1},
	journaltitle = {Journal of Aircraft},
	author = {Faller, William E. and Schreck, Scott J.},
	date = {1997-01},
}

@article{hornik_approximation_1991,
	title = {Approximation capabilities of multilayer feedforward networks},
	volume = {4},
	issn = {08936080},
	url = {https://linkinghub.elsevier.com/retrieve/pii/089360809190009T},
	doi = {10.1016/0893-6080(91)90009-T},
	pages = {251--257},
	number = {2},
	journaltitle = {Neural Networks},
	shortjournal = {Neural Networks},
	author = {Hornik, Kurt},
	urldate = {2020-08-28},
	date = {1991},
	langid = {english},
}

@book{trefethen_spectral_2000,
	location = {Philadelphia, {PA}},
	title = {Spectral Methods in {MATLAB}},
	isbn = {978-0-89871-465-4},
	url = {http://epubs.siam.org/doi/book/10.1137/1.9780898719598},
	series = {Software, environments, tools},
	pagetotal = {165},
	publisher = {Society for Industrial and Applied Mathematics},
	author = {Trefethen, Lloyd N.},
	urldate = {2022-05-25},
	date = {2000-01},
	langid = {english},
	doi = {10.1137/1.9780898719598},
}

@misc{thuerey_physics-based_2022,
	title = {Physics-based Deep Learning},
	url = {http://arxiv.org/abs/2109.05237},
	publisher = {{arXiv}},
	author = {Thuerey, Nils and Holl, Philipp and Mueller, Maximilian and Schnell, Patrick and Trost, Felix and Um, Kiwon},
	urldate = {2022-05-25},
	date = {2022-04-25},
	eprinttype = {arxiv},
	eprint = {2109.05237 [physics]},
	note = {Number: {arXiv}:2109.05237},
}

@article{gushchin_numerical_1974,
	title = {A numerical method of solving the navier-stokes equations},
	volume = {14},
	issn = {00415553},
	url = {https://linkinghub.elsevier.com/retrieve/pii/0041555374900615},
	doi = {10.1016/0041-5553(74)90061-5},
	language = {en},
	number = {2},
	urldate = {2022-05-26},
	journal = {USSR Computational Mathematics and Mathematical Physics},
	author = {Gushchin, V.A. and Shchennikov, V.V.},
	month = jan,
	year = {1974},
	pages = {242--250},
}

@article{Fornberg1980,
	title = {A numerical study of steady viscous flow past a circular cylinder},
	volume = {98},
	issn = {0022-1120},
	url = {http://www.journals.cambridge.org/abstract_S0022112080000419},
	doi = {10.1017/S0022112080000419},
	number = {04},
	journal = {Journal of Fluid Mechanics},
	author = {Fornberg, Bengt},
	month = jun,
	year = {1980},
	pages = {819},
}

@article{Rajani2009,
	title = {Numerical simulation of laminar flow past a circular cylinder},
	volume = {33},
	issn = {0307904X},
	url = {http://dx.doi.org/10.1016/j.apm.2008.01.017},
	doi = {10.1016/j.apm.2008.01.017},
	number = {3},
	journal = {Applied Mathematical Modelling},
	author = {Rajani, B.N. and Kandasamy, A. and Majumdar, Sekhar},
	month = mar,
	year = {2009},
	pmid = {18628456},
	note = {arXiv: DOI: 10.1002/fld.1
Publisher: Elsevier Inc.
ISBN: 02712091 10970363},
	pages = {1228--1247},
}

@article{deng_hydrodynamic_2007,
	title = {Hydrodynamic studies on two traveling wavy foils in tandem arrangement},
	volume = {19},
	issn = {1070-6631, 1089-7666},
	url = {http://aip.scitation.org/doi/10.1063/1.2814259},
	doi = {10.1063/1.2814259},
	language = {en},
	number = {11},
	urldate = {2022-05-23},
	journal = {Physics of Fluids},
	author = {Deng, Jian and Shao, Xue-Ming and Yu, Zhao-Sheng},
	month = nov,
	year = {2007},
	keywords = {validation, cylinder flow},
	pages = {113104},
}

@article{laroussi_vortex_2015,
	title = {Vortex {Shedding} for {Flow} {Past} {Circular} {Cylinder}: {Effects} of {Initial} {Conditions}},
	volume = {3},
	language = {en},
	journal = {Universal Journal of Fluid Mechanics},
	author = {Laroussi, Mouna and Djebbi, Mohamed},
	year = {2015},
	pages = {19--32},
}

@article{chuang_petibm_2018,
	title = {{PetIBM}: toolbox and applications of the immersed-boundary method on distributed-memory architectures},
	volume = {3},
	issn = {2475-9066},
	url = {http://joss.theoj.org/papers/10.21105/joss.00558},
	doi = {10.21105/joss.00558},
	number = {25},
	journal = {Journal of Open Source Software},
	author = {Chuang, Pi-Yueh and Mesnard, Olivier and Krishnan, Anush and A. Barba, Lorena},
	month = may,
	year = {2018},
	keywords = {PetIBM, proposal},
	pages = {558},
}

@article{hendrycks_gaussian_2016,
	title = {Gaussian Error Linear Units ({GELUs})},
	rights = {{arXiv}.org perpetual, non-exclusive license},
	url = {https://arxiv.org/abs/1606.08415},
	doi = {10.48550/ARXIV.1606.08415},
	author = {Hendrycks, Dan and Gimpel, Kevin},
	urldate = {2022-05-26},
	date = {2016},
	note = {Publisher: {arXiv}
Version Number: 4},
}

@article{Williamson1996,
	title = {Vortex Dynamics in the Cylinder Wake},
	volume = {28},
	issn = {0066-4189},
	url = {http://www.annualreviews.org/doi/10.1146/annurev.fl.28.010196.002401},
	doi = {10.1146/annurev.fl.28.010196.002401},
	pages = {477--539},
	number = {1},
	journaltitle = {Annual Review of Fluid Mechanics},
	author = {Williamson, C. H. K.},
	date = {1996-01},
}

@article{raissi_physics-informed_2019,
	title = {Physics-informed neural networks: A deep learning framework for solving forward and inverse problems involving nonlinear partial differential equations},
	volume = {378},
	issn = {00219991},
	url = {https://linkinghub.elsevier.com/retrieve/pii/S0021999118307125},
	doi = {10.1016/j.jcp.2018.10.045},
	shorttitle = {Physics-informed neural networks},
	pages = {686--707},
	journaltitle = {Journal of Computational Physics},
	shortjournal = {Journal of Computational Physics},
	author = {Raissi, M. and Perdikaris, P. and Karniadakis, G.E.},
	urldate = {2020-09-20},
	date = {2019-02},
	langid = {english},
}

@inproceedings{jiang_meshfreeflownet_2020,
    author={Jiang, Chiyu “Max” and Esmaeilzadeh, Soheil and Azizzadenesheli, Kamyar and Kashinath, Karthik and Mustafa, Mustafa and Tchelepi, Hamdi A. and Marcus, Philip and Prabhat, Mr and Anandkumar, Anima},
    booktitle={SC20: International Conference for High Performance Computing, Networking, Storage and Analysis},
    title={MESHFREEFLOWNET: A Physics-Constrained Deep Continuous Space-Time Super-Resolution Framework},
    year={2020},
    volume={},
    number={},
    pages={1-15},
    doi={10.1109/SC41405.2020.00013}
}

@software{noauthor_modulus_nodate,
	title = {Modulus},
	url = {https://docs.nvidia.com/deeplearning/modulus/index.html},
	publisher = {{NVIDIA}}
}

@software{pi_yueh_chuang_2022_6592457,
	author       = {Pi-Yueh Chuang},
	title        = {barbagroup/scipy-2022-repro-pack: 20220530},
	month        = may,
	year         = 2022,
	publisher    = {Zenodo},
	version      = 20220530,
	doi          = {10.5281/zenodo.6592457},
	url          = {https://doi.org/10.5281/zenodo.6592457}
}

@article{cai_physics-informed_2021,
	title = {Physics-informed neural networks ({PINNs}) for fluid mechanics: a review},
	volume = {37},
	issn = {0567-7718, 1614-3116},
	url = {https://link.springer.com/10.1007/s10409-021-01148-1},
	doi = {10.1007/s10409-021-01148-1},
	shorttitle = {Physics-informed neural networks ({PINNs}) for fluid mechanics},
	pages = {1727--1738},
	number = {12},
	journaltitle = {Acta Mechanica Sinica},
	shortjournal = {Acta Mech. Sin.},
	author = {Cai, Shengze and Mao, Zhiping and Wang, Zhicheng and Yin, Minglang and Karniadakis, George Em},
	urldate = {2022-06-28},
	date = {2021-12},
	langid = {english},
}

@article{lu_deepxde:_2019,
	title = {{DeepXDE}: A deep learning library for solving differential equations},
	url = {http://arxiv.org/abs/1907.04502},
	pages = {1--17},
	author = {Lu, Lu and Meng, Xuhui and Mao, Zhiping and Karniadakis, George E.},
	date = {2019-07-10},
	eprinttype = {arxiv},
	eprint = {1907.04502},
}

@article{lu_deepxde:_2021,
	title = {{DeepXDE}: A Deep Learning Library for Solving Differential Equations},
	volume = {63},
	issn = {0036-1445, 1095-7200},
	url = {https://epubs.siam.org/doi/10.1137/19M1274067},
	doi = {10.1137/19M1274067},
	shorttitle = {{DeepXDE}},
	pages = {208--228},
	number = {1},
	journaltitle = {{SIAM} Review},
	shortjournal = {{SIAM} Rev.},
	author = {Lu, Lu and Meng, Xuhui and Mao, Zhiping and Karniadakis, George Em},
	urldate = {2022-07-04},
	date = {2021-01},
	langid = {english},
}

@inproceedings{karali_novel_2021,
	location = {{VIRTUAL} {EVENT}},
	title = {A Novel Physics Informed Deep Learning Method for Simulation-Based Modelling},
	isbn = {978-1-62410-609-5},
	url = {https://arc.aiaa.org/doi/10.2514/6.2021-0177},
	doi = {10.2514/6.2021-0177},
	eventtitle = {{AIAA} Scitech 2021 Forum},
	booktitle = {{AIAA} Scitech 2021 Forum},
	publisher = {American Institute of Aeronautics and Astronautics},
	author = {Karali, Hasan and Demirezen, Umut M. and Yukselen, Mahmut A. and Inalhan, Gokhan},
	urldate = {2022-07-04},
	date = {2021-01-11},
	langid = {english},
}

@article{sirignano_dgm:_2018,
	title = {{DGM}: A deep learning algorithm for solving partial differential equations},
	volume = {375},
	issn = {00219991},
	url = {https://linkinghub.elsevier.com/retrieve/pii/S0021999118305527},
	doi = {10.1016/j.jcp.2018.08.029},
	shorttitle = {{DGM}},
	pages = {1339--1364},
	journaltitle = {Journal of Computational Physics},
	shortjournal = {Journal of Computational Physics},
	author = {Sirignano, Justin and Spiliopoulos, Konstantinos},
	urldate = {2020-09-02},
	date = {2018-12},
	langid = {english},
}

@article{wang_when_2022,
	title = {When and why {PINNs} fail to train: A neural tangent kernel perspective},
	volume = {449},
	issn = {00219991},
	url = {https://linkinghub.elsevier.com/retrieve/pii/S002199912100663X},
	doi = {10.1016/j.jcp.2021.110768},
	shorttitle = {When and why {PINNs} fail to train},
	pages = {110768},
	journaltitle = {Journal of Computational Physics},
	shortjournal = {Journal of Computational Physics},
	author = {Wang, Sifan and Yu, Xinling and Perdikaris, Paris},
	urldate = {2022-06-11},
	date = {2022-01},
	langid = {english},
}

@article{wang_understanding_2021,
	title = {Understanding and Mitigating Gradient Flow Pathologies in Physics-Informed Neural Networks},
	volume = {43},
	issn = {1064-8275, 1095-7197},
	url = {https://epubs.siam.org/doi/10.1137/20M1318043},
	doi = {10.1137/20M1318043},
	pages = {A3055--A3081},
	number = {5},
	journaltitle = {{SIAM} Journal on Scientific Computing},
	shortjournal = {{SIAM} J. Sci. Comput.},
	author = {Wang, Sifan and Teng, Yujun and Perdikaris, Paris},
	urldate = {2022-07-04},
	date = {2021-01},
	langid = {english},
}

@article{du_evolutional_2021,
	title = {Evolutional deep neural network},
	volume = {104},
	issn = {2470-0045, 2470-0053},
	url = {https://link.aps.org/doi/10.1103/PhysRevE.104.045303},
	doi = {10.1103/PhysRevE.104.045303},
	pages = {045303},
	number = {4},
	journaltitle = {Physical Review E},
	shortjournal = {Phys. Rev. E},
	author = {Du, Yifan and Zaki, Tamer A.},
	urldate = {2022-07-04},
	date = {2021-10-04},
	langid = {english},
}

@article{dissanayake_neural-network-based_1994,
	title = {Neural-network-based approximations for solving partial differential equations},
	volume = {10},
	issn = {10698299},
	url = {https://onlinelibrary.wiley.com/doi/10.1002/cnm.1640100303},
	doi = {10.1002/cnm.1640100303},
	pages = {195--201},
	number = {3},
	journaltitle = {Communications in Numerical Methods in Engineering},
	shortjournal = {Commun. Numer. Meth. Engng.},
	author = {Dissanayake, M. W. M. G. and Phan-Thien, N.},
	urldate = {2022-07-04},
	date = {1994-03},
	langid = {english},
}
