
@InProceedings{ thyng-proc-scipy-2014,
  author    = { {K}risten {M}. {T}hyng and {R}obert {D}. {H}etland },
  title     = { {T}rac{P}y: {W}rapping the {F}ortran {L}agrangian trajectory model {T}{R}{A}{C}{M}{A}{S}{S} },
  booktitle = { {P}roceedings of the 13th {P}ython in {S}cience {C}onference },
  pages     = { 79 - 84 },
  year      = { 2014 },
  editor    = { {S}t\'efan van der {W}alt and {J}ames {B}ergstra },
  doi       = { 10.25080/Majora-14bd3278-00d }
}
