
@InProceedings{ jeschke-proc-scipy-2013,
  author    = { {E}ric {J}eschke },
  title     = { {G}inga: an open-source astronomical image viewer and toolkit },
  booktitle = { {P}roceedings of the 12th {P}ython in {S}cience {C}onference },
  pages     = { 58 - 64 },
  year      = { 2013 },
  editor    = { {S}t\'efan van der {W}alt and {J}arrod {M}illman and {K}aty {H}uff },
  doi       = { 10.25080/Majora-8b375195-00a }
}
