
@InProceedings{ daniel_margala-proc-scipy-2021,
  author    = { {D}aniel {M}argala and {L}aurie {S}tephey and {R}ollin {T}homas and {S}tephen {B}ailey },
  title     = { {A}ccelerating {S}pectroscopic {D}ata {P}rocessing {U}sing {P}ython and {G}{P}{U}s on {N}{E}{R}{S}{C} {S}upercomputers },
  booktitle = { {P}roceedings of the 20th {P}ython in {S}cience {C}onference },
  pages     = { 33 - 39 },
  year      = { 2021 },
  editor    = { {M}eghann {A}garwal and {C}hris {C}alloway and {D}illon {N}iederhut and {D}avid {S}hupe },
  doi       = { 10.25080/majora-1b6fd038-004 }
}
