@misc{pivot19,
  author        = "{GeoCAT}",
  title         = "The Future of {NCL} and the {P}ivot to {P}ython",
  howpublished  = {\url{https://www.ncl.ucar.edu/Document/Pivot_to_Python}},
  note          = {Online; accessed 17 May 2022},
  year          = "2019",
  doi           = "http://dx.doi.org/10.5065/D6WD3XH5"
}

@misc{ncl,
  author        = "Brown, David and Brownrigg, Rick and Haley, Mary and Huang, Wei",
  year          = "2012",
  title         = "{NCAR Command Language (ncl)}",
  organization  = "{UCAR/NCAR-Computational and Information Systems Laboratory (CISL)}",
  doi           = "http://dx.doi.org/10.5065/D6WD3XH5"
}

@conference{pangeo18,
  author        = "Hamman, Joseph and Rocklin, Matthew and Abernathy, Ryan",
  year          = "2018",
  title         = "Pangeo: {A} big-data ecosystem for scalable earth system science",
  organization  = "EGU General Assembly Conference Abstracts",
}

@article{xarray17,
  author    = "Hoyer, Stephan and Hamman, Joseph",
  year      = "2017",
  title     = "{xarray: N-D labeled arrays and datasets in Python}",
  journal   = "Journal of Open Research Software",
  volume    = "5",
  number    = "1",
  pages     = "10",
  doi       = "http://doi.org/10.5334/jors.148",
}

@inproceedings{dask15,
  author    = {{M}atthew {R}ocklin},
  title     = {{D}ask: {P}arallel {C}omputation with {B}locked algorithms and {T}ask {S}cheduling},
  booktitle = {{P}roceedings of the 14th {P}ython in {S}cience {C}onference},
  pages     = {126 - 132},
  year      = {2015},
  editor    = {{K}athryn {H}uff and {J}ames {B}ergstra},
  doi       = {10.25080/Majora-7b98e3ed-013}
}

@inproceedings{numba,
  author        = "Lam, Siu Kwan and Pitrou, Antoine and Seibert, Stanley",
  year          = "2015",
  title         = "{Numba: A llvm-based python jit compiler}",
  booktitle     = "{Proceedings of the Second Workshop on the LLVM Compiler Infrastructure in HPC}",
  pages         = "1--6",
  doi           = "https://doi.org/10.1145/2833157.2833162",
}

 @article{matplotlib,
   Author    = {Hunter, J. D.},
   Title     = {Matplotlib: A 2D graphics environment},
   Journal   = {Computing in Science \& Engineering},
   Volume    = {9},
   Number    = {3},
   Pages     = {90--95},
   abstract  = {Matplotlib is a 2D graphics package used for Python for
   application development, interactive scripting, and publication-quality
   image generation across user interfaces and operating systems.},
   publisher = {IEEE COMPUTER SOC},
   doi       = {10.1109/MCSE.2007.55},
   year      = 2007
 }

 @manual{cartopy,
 author = {{Met Office}},
 title = {Cartopy: a cartographic python library with a matplotlib interface},
 year = {2010 - 2015},
 address = {Exeter, Devon },
 url = {http://scitools.org.uk/cartopy}
 }

 @misc{datashader,
   author        = "{Anaconda}",
   title         = "{Datashader}",
   howpublished  = {\url{https://datashader.org/}},
   note          = {Online; accessed 29 June 2022},
 }


@misc{raijinaward21,
   author = "{NSF}",
   title = "Collaborative Research: EarthCube Capabilities: Raijin: Community
   Geoscience Analysis Tools for Unstructured Mesh Data",
   howpublished = "\url{https://nsf.gov/awardsearch/showAward?AWD_ID=2126458&HistoricalAwards=false}",
   year         = "2021",
   note         = {Online; accessed 17 May 2022},
 }

 @inproceedings{clyne2021project,
   title={Project Raijin: Community Geoscience Analysis Tools for Unstructured Grids},
   author={Clyne, John and Eroglu, Orhan and Medeiros, Brian and Zarzycki, Colin M},
   booktitle={AGU Fall Meeting 2021},
   year={2021},
   organization={AGU}
 }

 @misc{conda,
   author        = "{Anaconda, Inc.}",
   title         = "Conda package manager",
   howpublished  = {\url{https://docs.conda.io/en/latest/}},
   note          = {Online; accessed 18 May 2022},
 }

 @misc{pypi,
   author        = "{Python Software Foundation}",
   title         = "{The Python Package Index - PyPI}",
   howpublished  = {\url{https://pypi.org/}},
   note          = {Online; accessed 18 May 2022},
 }

 @misc{githubactions,
   author        = "{GitHub}",
   title         = "GitHub {A}ctions",
   howpublished  = {\url{https://docs.github.com/en/actions}},
   note          = {Online; accessed 18 May 2022},
 }

 @misc{codecov,
   title         = "Codecov",
   howpublished  = {\url{https://about.codecov.io/}},
   note          = {Online; accessed 18 May 2022},
 }

 @article{sphinx,
   title={Sphinx documentation},
   author={Brandl, Georg},
   journal={URL http://sphinx-doc. org/sphinx. pdf},
   year={2021}
 }

 @misc{readthedocs,
   title         = "Read{T}he{D}ocs",
   howpublished  = {\url{https://readthedocs.org/}},
   note          = {Online; accessed 18 May 2022},
 }

 @misc{geocatcomprepo,
   title         = "{GeoCAT-comp GitHub repository}",
   howpublished  = {\url{https://github.com/NCAR/geocat-comp}},
   note          = {Online; accessed 20 May 2022},
   doi           = "doi:10.5281/zenodo.6607205"
 }

 @misc{geocatcomprtd,
   title         = "{GeoCAT-comp documentation page}",
   howpublished  = {\url{https://geocat-comp.readthedocs.io/en/latest/index.html}},
   note          = {Online; accessed 20 May 2022},
   doi           = "doi:10.5281/zenodo.6607205"
 }

 @misc{geocatcontribguide,
   title         = "{GeoCAT Contributor's Guide}",
   howpublished  = {\url{https://geocat.ucar.edu/pages/contributing.html}},
   note          = {Online; accessed 20 May 2022},
   doi           = "10.5065/a8pp-4358"
 }

 @misc{apache,
   author        = "{Apache Software Foundation}",
   title         = "{Apache License, version 2.0}",
   howpublished  = {\url{https://www.apache.org/licenses/LICENSE-2.0}},
   note          = {Online; accessed 18 May 2022},
   year          = "2004",
 }

@inproceedings{ams22craker,
  title         = "{NCAR's GeoCAT Announcement of Computational Tools}",
  author        = {Craker, Heather and Kootz, Alea and Zacharias, Anissa and Sizemore, Michaela and Eroglu, Orhan},
  booktitle     = {102nd American Meteorological Society Annual Meeting},
  year          = {2022},
  organization  = {AMS}
}

@inproceedings{lincoln2021expanding,
  title         = {Expanding and Strengthening the Transition from {NCL} to {P}ython Visualizations},
  author        = {Lincoln, Erin and Li, Jiaqi and Zacharias, Anissa and Sizemore, Michaela and Eroglu, Orhan and Kent, Julia},
  booktitle     = {AGU Fall Meeting 2021},
  year          = {2021},
  organization  = {AGU}
}

@inproceedings{ams21craker,
  title         = {Rebuilding the NCL Visualization Gallery in Python},
  author        = {Craker, Heather Rose and Fiorino, Claire Anne and Sizemore, Michaela Victoria},
  booktitle     = {101nd American Meteorological Society Annual Meeting},
  year          = {2021},
  organization  = {AMS}
}

 @misc{geocatexamplesrepo,
   title         = "{GeoCAT-examples GitHub repository}",
   howpublished  = {\url{https://github.com/NCAR/geocat-examples}},
   note          = {Online; accessed 20 May 2022},
   doi           = "10.5281/zenodo.6678258"
 }

 @misc{geocatexamplesrtd,
   title         = "{GeoCAT-examples documentation page}",
   howpublished  = {\url{https://geocat-examples.readthedocs.io/en/latest/index.html}},
   note          = {Online; accessed 20 May 2022},
   doi           = "10.5281/zenodo.6678258"
 }

 @misc{geocatvizrepo,
   title         = "{GeoCAT-viz GitHub repository}",
   howpublished  = {\url{https://github.com/NCAR/geocat-viz}},
   note          = {Online; accessed 20 May 2022},
   doi           = "10.5281/zenodo.6678345"
 }

 @article{stevens2019dyamond,
     title      = "{DYAMOND: the DYnamics of the Atmospheric general circulation Modeled On Non-hydrostatic Domains}",
     author     = {Stevens, Bjorn and Satoh, Masaki and Auger, Ludovic and Biercamp, Joachim and Bretherton, Christopher S and Chen, Xi and D{\"u}ben, Peter and Judt, Falko and Khairoutdinov, Marat and Klocke, Daniel and others},
     journal    = {Progress in Earth and Planetary Science},
     volume     = {6},
     number     = {1},
     pages      = {1--17},
     year       = {2019},
     publisher  = {Springer},
     doi        = {https://doi.org/10.1186/s40645-019-0304-z},
 }

 @article{pooch,
   title    = "{Pooch: A friend to fetch your data files}",
   author   = {Uieda, Leonardo and Soler, Santiago Rub{\'e}n and Rampin, R{\'e}mi and Van Kemenade, Hugo and Turk, Matthew and Shapero, Daniel and Banihirwe, Anderson and Leeman, John},
   journal  = "{Journal of Open Source Software}",
   volume   = {5},
   number   = {45},
   pages    = {1943},
   year     = {2020},
   doi      = {10.21105/joss.01943},
 }

@conference{ams22sizemore,
  author        = "Sizemore, Michaela and Eroglu, Orhan and Kootz, Alea and Zacharias, Anissa",
  year          = "2022",
  title         = "{Pivoting to Python: Lessons Learned in Recreating the NCAR
  Command Language in Python}",
  organization  = "102nd American Meteorological Society Annual Meeting",
}

 @misc{raijin,
   title         = "{Raijin homepage}",
   howpublished  = {\url{https://raijin.ucar.edu/}},
   note          = {Online; accessed 21 May 2022},
 }

 @misc{uxarrayrepo,
   title         = "{UXarray GitHub repository}",
   howpublished  = {\url{https://github.com/UXARRAY/uxarray}},
   note          = {Online; accessed 20 May 2022},
   doi           = "10.5281/zenodo.5655065"
 }
