
@InProceedings{ baxter-proc-scipy-2014,
  author    = { {G} {W}illiam {B}axter },
  title     = { {S}cientific {C}omputing with {S}ci{P}y for {U}ndergraduate {P}hysics {M}ajors },
  booktitle = { {P}roceedings of the 13th {P}ython in {S}cience {C}onference },
  pages     = { 2 - 4 },
  year      = { 2014 },
  editor    = { {S}t\'efan van der {W}alt and {J}ames {B}ergstra },
  doi       = { 10.25080/Majora-14bd3278-001 }
}
