
@InProceedings{ carroll_et_al-proc-scipy-2018,
  author    = { {C}hristopher {D}. {C}arroll and {A}lexander {M}. {K}aufman and {J}acqueline {L}. {K}azil and {N}athan {M}. {P}almer and {M}atthew {N}. {W}hite },
  title     = { {T}he {E}con-{A}{R}{K} and {H}{A}{R}{K}: {O}pen {S}ource {T}ools for {C}omputational {E}conomics },
  booktitle = { {P}roceedings of the 17th {P}ython in {S}cience {C}onference },
  pages     = { 25 - 30 },
  year      = { 2018 },
  editor    = { {F}atih {A}kici and {D}avid {L}ippa and {D}illon {N}iederhut and {M} {P}acer },
  doi       = { 10.25080/Majora-4af1f417-004 }
}
