
@InProceedings{ randy_paffenroth-proc-scipy-2015,
  author    = { {R}andy {P}affenroth and {X}iangnan {K}ong },
  title     = { {P}ython in {D}ata {S}cience {R}esearch and {E}ducation },
  booktitle = { {P}roceedings of the 14th {P}ython in {S}cience {C}onference },
  pages     = { 164 - 170 },
  year      = { 2015 },
  editor    = { {K}athryn {H}uff and {J}ames {B}ergstra },
  doi       = { 10.25080/Majora-7b98e3ed-019 }
}
