
@InProceedings{ mellissa_cross_p-proc-scipy-2015,
  author    = { {M}ellissa {C}ross },
  title     = { {P}y{S}{P}{L}{I}{T}: a {P}ackage for the {G}eneration, {A}nalysis, and {V}isualization of {H}{Y}{S}{P}{L}{I}{T} {A}ir {P}arcel {T}rajectories },
  booktitle = { {P}roceedings of the 14th {P}ython in {S}cience {C}onference },
  pages     = { 133 - 137 },
  year      = { 2015 },
  editor    = { {K}athryn {H}uff and {J}ames {B}ergstra },
  doi       = { 10.25080/Majora-7b98e3ed-014 }
}
