@STRING{apj = "ApJ"}
@STRING{apjss = "ApJS"}
@STRING{aas = "A\&AS"}
@STRING{jcp = "J. Chem. Phys."}
@STRING{apjl = "ApJ Lett"}
@STRING{mn = "MNRAS"}
@STRING{aa = "A\&A"}
@STRING{jqsrt = "J. Quant. Spectrosc. Radiat. Transfer"}
@STRING{araa = "ARA\&A"}

@ARTICLE{1998ApJ...498..579G,
   journal = apj,
    author = {{Genzel}, R. and {Lutz}, D. and {Sturm}, E. and {Egami}, E. and {Kunze}, D. and {Moorwood}, A.~F.~M. and {Rigopoulou}, D. and {Spoon}, H.~W.~W. and {Sternberg}, A. and {Tacconi-Garman}, L.~E. and {Tacconi}, L. and {Thatte}, N.},
       doi = {10.1086/305576},
     month = may,
     pages = {579},
     title = "{What Powers Ultraluminous IRAS Galaxies?}",
    volume = 498,
      year = 1998
}

@ARTICLE{2001A&A...365..476M,
   journal = aa,
    author = {{Meeus}, G. and {Waters}, L.~B.~F.~M. and {Bouwman}, J. and {van den Ancker}, M.~E. and {Waelkens}, C. and {Malfait}, K.},
     month = jan,
     pages = 476,
     title = "{ISO spectroscopy of circumstellar dust in 14 Herbig Ae/Be systems: Towards an understanding of dust processing}",
    volume = 365,
      year = 2001,
      doi = {10.1051/0004-6361:20000144}
}

@ARTICLE{2009A&A...502..175B,
   journal = aa,
    author = {{Boersma}, C. and {Peeters}, E. and {Mart\'in-Hern\'andez}, N.~L. and {van der Wolk}, G. and {Verhoeff}, A.~P. and {Tielens}, A.~G.~G.~M. and {Waters}, L.~B.~F.~M. and {Pel}, J.~W.},
       doi = {10.1051/0004-6361/200911820},
     month = jul,
     pages = {175-187},
     title = "{A spatial study of the mid-IR emission features in four Herbig Ae/Be stars}",
    volume = 502,
      year = 2009
}

@ARTICLE{2014ApJ...786...31R,
   journal = apj,
    author = {{Riechers}, D.~A. and {Pope}, A. and {Daddi}, E. and {Armus}, L. and {Carilli}, C.~L. and {Walter}, F. and {Hodge}, J. and {Chary}, R.-R. and {Morrison}, G.~E. and {Dickinson}, M. and {Dannerbauer}, H. and {Elbaz}, D.},
       doi = {10.1088/0004-637X/786/1/31},
     month = may,
     pages = {31},
     title = "{Polycyclic Aromatic Hydrocarbon and Mid-Infrared Continuum Emission in a z>4 Submillimeter Galaxy}",
    volume = 786,
      year = 2014
}

@ARTICLE{2014ApJSS..211....8B,
   journal = apjss,
    author = {{Boersma}, C. and {Bauschlicher}, C.~W. and {Ricca}, A. and {Mattioda}, A.~L. and {Cami}, J. and {Peeters}, E. and {S{\'a}nchez de Armas}, F. and {Puerta Saborido}, G. and {Hudgins}, D.~M. and {Allamandola}, L.~J.},
     pages = {8},
     title = "{The NASA Ames PAH IR Spectroscopic Database Version 2.00: Updated Content, Web Site, and On(Off)line Tools}",
    volume = {211},
      year = 2014,
      doi = {10.1088/0067-0049/211/1/8}
}

@ARTICLE{2016ApJ...832...51B,
   journal = apj,
    author = {{Boersma}, C. and {Bregman}, J. and {Allamandola}, L.~J.},
     month = nov,
     pages = 51,
     title = "{The Charge State of Polycyclic Aromatic Hydrocarbons Across Reflection Nebulae: PAH Charge Balance and Calibration}",
    volume = 832,
      year = 2016,
      doi = {10.3847/0004-637X/832/1/51}
}

@ARTICLE{2018ApJS..234...32B,
   journal = apjss,
    author = {{Bauschlicher}, Jr., C.~W. and {Ricca}, A. and {Boersma}, C. and {Allamandola}, L.~J.},
       doi = {10.3847/1538-4365/aaa019},
     month = feb,
     pages = {32},
     title = "{The NASA Ames PAH IR Spectroscopic Database: Computational Version 3.00 with Updated Content and the Introduction of Multiple Scaling Factors}",
    volume = 234,
      year = 2018
}

@ARTICLE{1993ApJ...415..397S,
   journal = {apj},
    author = {{Schutte}, W.~A. and {Tielens}, A.~G.~G.~M. and {Allamandola}, L.~J.},
       doi = {10.1086/173173},
     month = sep,
     pages = {397},
     title = "{Theoretical modeling of the infrared fluorescence from interstellar polycyclic aromatic hydrocarbons}",
    volume = 415,
      year = 1993
}

@ARTICLE{2001A&A...372..981V,
   journal = {aa},
    author = {{Verstraete}, L. and {Pech}, C. and {Moutou}, C. and {Sellgren}, K. and {Wright}, C.~M. and {Giard}, M. and {LÃ©ger}, A. and {Timmermann}, R. and {Drapatz}, S.},
       doi = {10.1051/0004-6361:20010515},
     month = jun,
     pages = {981},
     title = "{The Aromatic Infrared Bands as seen by ISO-SWS: Probing the PAH model}",
    volume = 372,
      year = 2001
}

@ARTICLE{2018ApJ...858...67B,
  journal = apj,
   author = {{Boersma}, C. and {Bregman}, J. and {Allamandola}, L.~J.},
      doi = {10.3847/1538-4357/aabcbe},
    month = may,
    pages = {67},
    title = "{The Charge State of Polycyclic Aromatic Hydrocarbons across a Reflection Nebula, an H II Region, and a Planetary Nebula}",
   volume = 858,
     year = 2018
}

@ARTICLE{2013ApJ...769..117B,
   author = {{Boersma}, C. and {Bregman}, J.~D. and {Allamandola}, L.~J.},
    title = "{Properties of Polycyclic Aromatic Hydrocarbons in the Northwest Photon Dominated Region of NGC 7023. I. PAH Size, Charge, Composition, and Structure Distribution}",
  journal = apj,
 keywords = {astrochemistry, infrared: ISM, ISM: individual objects: NGC 7023, molecular data, techniques: spectroscopic},
     year = 2013,
    month = jun,
   volume = 769,
      eid = {117},
    pages = {117},
      doi = {10.1088/0004-637X/769/2/117}
}

@misc{astrochem,
    author= {{NASA Ames Research Center}},
    title = {Astrophysics and Astrochemistry Laboratory},
    url   = {www.astrochemistry.org}
}

@ARTICLE{2006A&A...446..747G,
   journal = aa,
    author = {{Greisen}, E.~W. and {Calabretta}, M.~R. and {Valdes}, F.~G. and {Allen}, S.~L.},
       doi = {10.1051/0004-6361:20053818},
     month = feb,
     pages = {747-771},
     title = "{Representations of spectral coordinates in FITS}",
    volume = 446,
      year = 2006
}

