
@InProceedings{ matthew_shannon-proc-scipy-2018,
  author    = { {M}atthew {J}. {S}hannon and {C}hristiaan {B}oersma },
  title     = { {O}rganic {M}olecules in {S}pace: {I}nsights from the {N}{A}{S}{A} {A}mes {M}olecular {D}atabase in the era of the {J}ames {W}ebb {S}pace {T}elescope },
  booktitle = { {P}roceedings of the 17th {P}ython in {S}cience {C}onference },
  pages     = { 99 - 105 },
  year      = { 2018 },
  editor    = { {F}atih {A}kici and {D}avid {L}ippa and {D}illon {N}iederhut and {M} {P}acer },
  doi       = { 10.25080/Majora-4af1f417-00f }
}
