
@InProceedings{ bergstra-proc-scipy-2010,
  author    = { {J}ames {B}ergstra and {O}livier {B}reuleux and {F}r\'ed\'eric {B}astien and {P}ascal {L}amblin and {R}azvan {P}ascanu and {G}uillaume {D}esjardins and {J}oseph {T}urian and {D}avid {W}arde-{F}arley and {Y}oshua {B}engio },
  title     = { {T}heano: {A} {C}{P}{U} and {G}{P}{U} {M}ath {C}ompiler in {P}ython },
  booktitle = { {P}roceedings of the 9th {P}ython in {S}cience {C}onference },
  pages     = { 18 - 24 },
  year      = { 2010 },
  editor    = { {S}t\'efan van der {W}alt and {J}arrod {M}illman },
  doi       = { 10.25080/Majora-92bf1922-003 }
}
