
@InProceedings{ geoffrey_poore-proc-scipy-2012,
  author    = { {G}eoffrey {M}. {P}oore },
  title     = { {P}ython{T}e{X}:  {F}ast {A}ccess to {P}ython from within {L}a{T}e{X} },
  booktitle = { {P}roceedings of the 11th {P}ython in {S}cience {C}onference },
  pages     = { 30 - 36 },
  year      = { 2012 },
  editor    = { {A}ron {A}hmadia and {J}arrod {M}illman and {S}t\'efan van der {W}alt },
  doi       = { 10.25080/Majora-54c7f2c8-005 }
}
