
@InProceedings{ mark_wickert_247-proc-scipy-2018,
  author    = { {M}ark {W}ickert and {C}hiranth {S}iddappa },
  title     = { {E}xploring the {E}xtended {K}alman {F}ilter for {G}{P}{S} {P}ositioning {U}sing {S}imulated {U}ser and {S}atellite {T}rack {D}ata },
  booktitle = { {P}roceedings of the 17th {P}ython in {S}cience {C}onference },
  pages     = { 84 - 90 },
  year      = { 2018 },
  editor    = { {F}atih {A}kici and {D}avid {L}ippa and {D}illon {N}iederhut and {M} {P}acer },
  doi       = { 10.25080/Majora-4af1f417-00d }
}
