
@InProceedings{ henry_schreiner-proc-scipy-2020,
  author    = { {H}enry {S}chreiner and {H}ans {D}embinski and {S}huo {L}iu and {J}im {P}ivarski },
  title     = { {B}oost-histogram: {H}igh-{P}erformance {H}istograms as {O}bjects },
  booktitle = { {P}roceedings of the 19th {P}ython in {S}cience {C}onference },
  pages     = { 63 - 69 },
  year      = { 2020 },
  editor    = { {M}eghann {A}garwal and {C}hris {C}alloway and {D}illon {N}iederhut and {D}avid {S}hupe },
  doi       = { 10.25080/Majora-342d178e-009 }
}
