
@InProceedings{ adam_hughes-proc-scipy-2012,
  author    = { {A}dam {H}ughes },
  title     = { {A} {C}omputational {F}ramework for {P}lasmonic {N}anobiosensing },
  booktitle = { {P}roceedings of the 11th {P}ython in {S}cience {C}onference },
  pages     = { 6 - 10 },
  year      = { 2012 },
  editor    = { {A}ron {A}hmadia and {J}arrod {M}illman and {S}t\'efan van der {W}alt },
  doi       = { 10.25080/Majora-54c7f2c8-001 }
}
