
@InProceedings{ dillon_niederhut-proc-scipy-2018,
  author    = { {D}illon {N}iederhut },
  title     = { {S}afe handling instructions for missing data },
  booktitle = { {P}roceedings of the 17th {P}ython in {S}cience {C}onference },
  pages     = { 56 - 60 },
  year      = { 2018 },
  editor    = { {F}atih {A}kici and {D}avid {L}ippa and {D}illon {N}iederhut and {M} {P}acer },
  doi       = { 10.25080/Majora-4af1f417-008 }
}
