
@InProceedings{ nicola_creati-proc-scipy-2015,
  author    = { {N}icola {C}reati and {R}oberto {V}idmar and {P}aolo {S}terzai },
  title     = { {G}eodynamic simulations in {H}{P}{C} with {P}ython },
  booktitle = { {P}roceedings of the 14th {P}ython in {S}cience {C}onference },
  pages     = { 152 - 157 },
  year      = { 2015 },
  editor    = { {K}athryn {H}uff and {J}ames {B}ergstra },
  doi       = { 10.25080/Majora-7b98e3ed-017 }
}
