@misc{cite_aot,
  title        = {Ahead-of-time compilation},
  howpublished = {\url{https://en.wikipedia.org/wiki/Ahead-of-time_compilation}}
}

@misc{cite_codemeta,
  title        = {CodeMeta},
  howpublished = {\url{https://codemeta.github.io/}}
}

@misc{cite_d3js,
  title        = {D3.js},
  howpublished = {\url{https://d3js.org/}}
}

@misc{cite_docrepr,
  title        = {Docrepr},
  howpublished = {\url{https://github.com/spyder-ide/docrepr}}
}

@misc{cite_dt,
  title        = {Diataxis},
  howpublished = {\url{https://diataxis.fr/}}
}

@misc{cite_dask,
  author       = {{Dask Development Team}},
  title        = {Dask: Library for dynamic task scheduling},
  year         = {2016},
  howpublished = {\url{https://dask.org}}
}

@misc{cite_ir,
  title        = {Intermediate representation},
  howpublished = {\url{https://en.wikipedia.org/wiki/Intermediate_representation}}
}

@misc{cite_jedi,
  title        = {Jedi},
  howpublished = {\url{https://github.com/davidhalter/jedi}}
}

@misc{cite_jit,
  title        = {Just-in-time compilation},
  howpublished = {\url{https://en.wikipedia.org/wiki/Just-in-time_compilation}}
}

@misc{cite_jpybook,
  title        = {Jupyter Book},
  howpublished = {\url{https://jupyterbook.org/}}
}

@misc{cite_jinja2,
  title        = {Jinja2},
  howpublished = {\url{https://jinja.palletsprojects.com/}}
}

@misc{cite_lto,
  title        = {Interprocedural optimization},
  howpublished = {\url{https://en.wikipedia.org/wiki/Interprocedural_optimization}}
}

@article{cite_mpl,
  author       = {J.D. Hunter},
  title        = {Matplotlib: A 2D Graphics Environment},
  journal      = {Computing in Science \& Engineering},
  volume       = {9},
  number       = {3},
  pages        = {90--95},
  year         = {2007}
}

@misc{cite_myst,
  title        = {MyST},
  howpublished = {\url{https://myst-parser.readthedocs.io/en/latest/}}
}

@misc{cite_npdoc,
  title        = {Numpydoc},
  howpublished = {\url{https://numpydoc.readthedocs.io/en/latest/format.html}}
}

@inproceedings{cite_nx,
  author       = {Aric A. Hagberg and Daniel A. Schult and Pieter J. Swart},
  title        = {Exploring network structure, dynamics, and function using NetworkX},
  booktitle    = {Proceedings of the 7th Python in Science Conference (SciPy2008)},
  address      = {Pasadena, CA, USA},
  month        = aug,
  year         = {2008},
  pages        = {11--15},
  note         = {\url{https://github.com/jupyter/papyri}}
}

@misc{cite_papyri,
  title        = {Papyri},
  howpublished = {\url{https://github.com/jupyter/papyri}}
}

@misc{cite_rtd-theme,
  title        = {Sphinx RTD Theme},
  howpublished = {\url{https://sphinx-rtd-theme.readthedocs.io/en/stable/}}
}

@misc{cite_rtd,
  title        = {Read the Docs},
  howpublished = {\url{https://readthedocs.org/}}
}

@misc{cite_scu,
  title        = {Single Compilation Unit},
  howpublished = {\url{https://en.wikipedia.org/wiki/Single_Compilation_Unit}}
}

@misc{cite_spyder,
  title        = {Spyder},
  howpublished = {\url{https://www.spyder-ide.org/}}
}

@misc{cite_tsrst,
  title        = {Tree-sitter RST},
  howpublished = {\url{https://github.com/stsewd/tree-sitter-rst}}
}

@misc{cite_ts,
  title        = {Tree-sitter},
  howpublished = {\url{https://tree-sitter.github.io/tree-sitter/}}
}

@misc{cite_docutils,
  title        = {Docutils},
  howpublished = {\url{https://docutils.sourceforge.io/}}
}

@misc{cite_flask,
  title        = {Flask},
  howpublished = {\url{https://flask.palletsprojects.com/en/2.1.x/}}
}

@misc{cite_httpx,
  title        = {HTTPX},
  howpublished = {\url{https://www.python-httpx.org/}}
}

@misc{cite_mkdocs,
  title        = {MkDocs},
  howpublished = {\url{https://www.mkdocs.org/}}
}

@misc{cite_msgspec,
  title        = {Msgspec},
  howpublished = {\url{https://pypi.org/project/msgspec}}
}

@misc{cite_pandoc,
  title        = {Pandoc},
  howpublished = {\url{https://pandoc.org/}}
}

@misc{cite_pydantic,
  title        = {Pydantic},
  howpublished = {\url{https://pydantic-docs.helpmanual.io/}}
}

@misc{cite_pydata-sphinx-theme,
  title        = {Pydata Sphinx Theme},
  howpublished = {\url{https://pydata-sphinx-theme.readthedocs.io/en/stable/}}
}

@misc{cite_quart,
  title        = {Quart},
  howpublished = {\url{https://pgjones.gitlab.io/quart/}}
}

@misc{cite_sphinx-copybutton,
  title        = {Sphinx Copybutton},
  howpublished = {\url{https://sphinx-copybutton.readthedocs.io/en/latest/}}
}

@misc{cite_sphinx,
  title        = {Sphinx},
  howpublished = {\url{https://www.sphinx-doc.org/en/master/}}
}

@misc{cite_trio,
  title        = {Trio},
  howpublished = {\url{https://trio.readthedocs.io/}}
}

