
@InProceedings{ anton_malakhov-proc-scipy-2016,
  author    = { {A}nton {M}alakhov },
  title     = { {C}omposable {M}ulti-{T}hreading for {P}ython {L}ibraries },
  booktitle = { {P}roceedings of the 15th {P}ython in {S}cience {C}onference },
  pages     = { 15 - 19 },
  year      = { 2016 },
  editor    = { {S}ebastian {B}enthall and {S}cott {R}ostrup },
  doi       = { 10.25080/Majora-629e541a-002 }
}
