
@InProceedings{ iqbal_mohomed-proc-scipy-2012,
  author    = { {I}qbal {M}ohomed },
  title     = { {S}elf-driving {L}ego {M}indstorms {R}obot },
  booktitle = { {P}roceedings of the 11th {P}ython in {S}cience {C}onference },
  pages     = { 37 - 40 },
  year      = { 2012 },
  editor    = { {A}ron {A}hmadia and {J}arrod {M}illman and {S}t\'efan van der {W}alt },
  doi       = { 10.25080/Majora-54c7f2c8-006 }
}
