
@InProceedings{ virginia_ng-proc-scipy-2018,
  author    = { {V}irginia {N}g and {D}aniel {H}ofmann },
  title     = { {S}calable {F}eature {E}xtraction with {A}erial and {S}atellite {I}magery },
  booktitle = { {P}roceedings of the 17th {P}ython in {S}cience {C}onference },
  pages     = { 145 - 151 },
  year      = { 2018 },
  editor    = { {F}atih {A}kici and {D}avid {L}ippa and {D}illon {N}iederhut and {M} {P}acer },
  doi       = { 10.25080/Majora-4af1f417-015 }
}
