
@InProceedings{ caraciolo-proc-scipy-2011,
  author    = { {M}arcel {C}araciolo and {B}runo {M}elo and {R}icardo {C}aspirro },
  title     = { {C}rab: {A} {R}ecommendation {E}ngine {F}ramework for {P}ython },
  booktitle = { {P}roceedings of the 10th {P}ython in {S}cience {C}onference },
  pages     = { 17 - 23 },
  year      = { 2011 },
  editor    = { {S}t\'efan van der {W}alt and {J}arrod {M}illman },
  doi       = { 10.25080/Majora-ebaa42b7-002 }
}
