
@InProceedings{ kathryn_huff-proc-scipy-2015,
  author    = { {K}athryn {H}uff },
  title     = { {P}y{R}{K}: {A} {P}ython {P}ackage {F}or {N}uclear {R}eactor {K}inetics },
  booktitle = { {P}roceedings of the 14th {P}ython in {S}cience {C}onference },
  pages     = { 84 - 90 },
  year      = { 2015 },
  editor    = { {K}athryn {H}uff and {J}ames {B}ergstra },
  doi       = { 10.25080/Majora-7b98e3ed-00d }
}
