
@InProceedings{ rollin_thomas-proc-scipy-2021,
  author    = { {R}ollin {T}homas and {L}aurie {S}tephey and {A}nnette {G}reiner and {B}randon {C}ook },
  title     = { {M}onitoring {S}cientific {P}ython {U}sage on a {S}upercomputer },
  booktitle = { {P}roceedings of the 20th {P}ython in {S}cience {C}onference },
  pages     = { 123 - 131 },
  year      = { 2021 },
  editor    = { {M}eghann {A}garwal and {C}hris {C}alloway and {D}illon {N}iederhut and {D}avid {S}hupe },
  doi       = { 10.25080/majora-1b6fd038-010 }
}
