
@InProceedings{ arnold-proc-scipy-2010,
  author    = { {R}ob {S}peer and {K}enneth {A}rnold and {C}atherine {H}avasi },
  title     = { {D}ivisi: {L}earning from {S}emantic {N}etworks and {S}parse {S}{V}{D} },
  booktitle = { {P}roceedings of the 9th {P}ython in {S}cience {C}onference },
  pages     = { 12 - 17 },
  year      = { 2010 },
  editor    = { {S}t\'efan van der {W}alt and {J}arrod {M}illman },
  doi       = { 10.25080/Majora-92bf1922-002 }
}
