
@InProceedings{ robert_jackson-proc-scipy-2019,
  author    = { {R}obert {J}ackson and {S}cott {C}ollis and {T}imothy {L}ang and {C}orey {P}otvin and {T}odd {M}unson },
  title     = { {P}y{D}{D}{A}: {A} new {P}ythonic {W}ind {R}etrieval {P}ackage },
  booktitle = { {P}roceedings of the 18th {P}ython in {S}cience {C}onference },
  pages     = { 111 - 117 },
  year      = { 2019 },
  editor    = { {C}hris {C}alloway and {D}avid {L}ippa and {D}illon {N}iederhut and {D}avid {S}hupe },
  doi       = { 10.25080/Majora-7ddc1dd1-010 }
}
